3116 5214
795 452 971 524 ...94-

355 595 451 668 tione
470 617 532 664 sua
550 591 689 664 tertiam
708 597 840 684 partem
859 590 1036 663 fructuum
1056 591 1226 669 bonorum
1242 597 1416 694 ipsorum,
1460 574 1464 586 ,

354 709 501 804 reliquis
519 706 652 779 duabus
670 704 826 800 partibus
844 706 990 776 retentis
1008 707 1073 802 ipsi
1092 711 1180 804 patri
1197 734 1341 786 uxorem
1355 715 1420 784 ha.

353 824 449 896 benti
473 823 528 898 vel
552 847 635 894 uon.
656 821 699 894 ut
715 821 809 892 idern
827 827 985 894 servatur
1002 822 1032 894 si
1052 847 1160 898 unum
1179 833 1313 901 tantum
1334 829 1415 924 quis

355 940 481 1013 babeat
497 940 624 1012 filium.

403 1059 500 1145 Quod
515 1057 544 1128 si
559 1057 638 1151 quis
649 1056 775 1129 habeat
787 1055 879 1130 srtios
891 1079 953 1130 seu
969 1058 1098 1132 liberos
1113 1060 1298 1158 plusquam
1312 1063 1419 1152 duos,

300 1239 310 1254 ,
355 1176 428 1248 et
420 1175 486 1271 ipsi
513 1173 576 1245 filii
600 1175 655 1246 vel
679 1173 840 1269 aliquis
830 1197 988 1268 ipsorum
1013 1176 1103 1249 nolit
1125 1201 1205 1252 cum
1230 1187 1326 1276 patre
1352 1203 1420 1251 suo

355 1290 575 1378 morari,ch
599 1297 696 1387 pater
720 1290 841 1362 nolit
832 1313 926 1413 rpsos
944 1292 999 1364 vel
1017 1293 1198 1389 aliquem
1188 1319 1343 1390 ipsorum
1362 1319 1421 1368 se·

355 1439 437 1490 curn
462 1413 606 1499 morari,
632 1413 802 1485 tenetur
793 1435 866 1508 ipse
883 1416 980 1510 pitter
998 1414 1080 1487 dere
1104 1439 1166 1512 pro
1190 1416 1366 1489 alimentis
1385 1423 1422 1489 et

355 1531 655 1606 substentatione
647 1530 712 1626 rpsi
727 1552 797 1601 non
811 1530 961 1602 moranti
975 1529 1030 1603 vel
1045 1532 1177 1604 nolenti
1192 1533 1320 1605 morari
1338 1555 1419 1605 curn

355 1677 398 1726 co
422 1665 554 1751 partem
577 1650 621 1720 de
645 1647 817 1720 fructibus
834 1646 1092 1741 praedictorum
1109 1648 1303 1738 bonorum,
1328 1650 1419 1724 iacta

354 1765 664 1844 connumeratione
685 1786 912 1861 personarum
935 1763 1088 1836 filiorum
1101 1765 1277 1862 -tpsorum
1295 1791 1358 1840 seu
1376 1768 1419 1840 li·
1510 1833 1512 1842 .

353 1889 537 1972 berorum,
557 1892 593 1955 et
613 1904 838 1977 personarum
861 1881 971 1978 ipsius
994 1881 1102 1976 patris
1124 1890 1161 1955 et
1177 1885 1296 1957 uxoris
1316 1907 1415 1971 suae,

352 2029 416 2101 pro
439 2011 513 2075 rata
536 2001 609 2076 sive
636 2021 698 2096 pro
720 1997 813 2071 virili
833 1997 989 2092 ipsorum
1008 1996 1179 2086 filiorum,
1200 2006 1236 2070 et
1252 2000 1360 2095 patris
1382 2009 1419 2074 ct

352 2121 471 2196 uxoris
490 2121 583 2216 ejus,
604 2127 639 2192 et
657 2116 852 2214 praedictas
870 2114 991 2188 viriles
1009 2115 1097 2188 duas
1115 2123 1231 2212 partes
1250 2117 1292 2190 dc
1313 2117 1416 2192 dictis

352 2238 509 2334 partibus
533 2235 659 2306 hebeat
680 2233 773 2304 idem
797 2238 913 2328 pater,
933 2232 1006 2306 sive
1029 2230 1156 2306 habeat
1182 2255 1326 2306 uxorem
1345 2233 1417 2310 siue

353 2379 437 2429 non.
458 2352 623 2446 Reliquas
640 2356 756 2446 partes
773 2349 1016 2443 contingentes
1038 2348 1128 2420 alios
1153 2349 1245 2422 filios
1269 2356 1304 2422 ct
1327 2351 1420 2424 filias

354 2495 435 2544 cum
454 2476 550 2565 patra
565 2472 740 2539 morantes
757 2465 922 2536 similiter
939 2471 1035 2560 pater
1052 2464 1202 2539 retineat
1220 2491 1280 2558 pro
1297 2467 1369 2541 vita
1383 2476 1420 2544 et

354 2581 632 2657 substentatione
647 2577 821 2651 dictorum
837 2577 1000 2664 filiorum,
1013 2579 1124 2652 donec
1137 2602 1218 2654 cum
1231 2586 1329 2675 patre
1342 2600 1419 2656 rnu-

353 2707 489 2774 rantur.

401 2820 529 2892 Verum
547 2816 577 2888 si
595 2812 721 2908 aliquis
739 2835 782 2884 ex
799 2812 885 2908 ipsis
902 2813 984 2888 filiis
1002 2816 1205 2900 decesserit.
1227 2821 1282 2895 vel
1296 2819 1419 2916 aliqua

354 2956 395 3004 cx
420 2928 558 3003 filiabus
581 2925 758 3022 nupserit,
779 2927 892 3022 portio
909 2926 1087 3002 fructuum
1106 2931 1262 3027 ipsorum
1281 2933 1419 3005 contin·

355 3071 440 3145 gens
454 3046 568 3143 ipsum
582 3043 695 3116 filium
711 3043 930 3132 morientem,
946 3046 1002 3118 vel
1018 3046 1125 3118 filiam
1141 3071 1229 3142 quae
1247 3050 1415 3145 nupserit,

356 3171 534 3238 accrescat
556 3186 617 3260 pro
640 3169 715 3234 rata
737 3168 841 3256 prout
858 3161 899 3234 de
917 3164 1030 3258 ipsius
1050 3165 1224 3240 fructibus
1248 3167 1420 3262 contingit

355 3284 480 3356 iratres
497 3281 551 3357 vel
570 3302 707 3350 sorores
725 3277 882 3349 defuncti
902 3280 955 3350 vel
970 3287 1113 3375 nuptae,
1129 3291 1165 3355 ct
1178 3290 1310 3380 patrem
1328 3284 1420 3379 ipso-

355 3423 435 3474 rum
459 3422 519 3496 pro
547 3397 648 3469 dictis
671 3397 806 3468 duabus
822 3395 984 3469 virilibus
1003 3398 1116 3495 ipsum
1135 3401 1419 3498 contingentibus

354 3541 417 3617 pro
435 3543 472 3590 sc
490 3525 526 3590 et
543 3539 650 3588 uxore
669 3539 749 3602 sua,
771 3521 809 3588 ut
827 3515 959 3588 dictum
979 3524 1044 3589 cst.
1067 3518 1218 3614 Nepotes
1239 3526 1358 3593 autem
1376 3542 1418 3592 ex

291 3695 298 3704 ,
332 3627 440 3725 'filio
459 3643 554 3732 patre
573 3643 723 3722 mortuo,
743 3635 894 3709 habeant
911 3635 946 3706 in
967 3637 1166 3732 praemissis
1184 3639 1323 3712 casibus
1341 3662 1417 3736 par-

353 3762 426 3829 tem
450 3753 622 3824 dictorum
645 3752 844 3838 fructuum,
865 3775 953 3846 quae
974 3753 1198 3850 contingeret
1216 3763 1349 3852 patrem
1367 3755 1419 3850 ip-

356 3895 475 3946 sorum
492 3872 522 3944 si
539 3872 682 3946 viveret.
703 3872 751 3942 De
768 3870 869 3944 bonis
882 3893 963 3944 vero
978 3893 1037 3966 per
1051 3894 1132 3946 curn
1151 3874 1333 3968 acquisitis
1349 3895 1418 3947 non

357 3996 496 4062 tenetur
520 3995 635 4084 pater,
655 4011 739 4061 avus
762 3988 817 4062 vel
842 4010 988 4083 proavus
1011 3993 1176 4085 paternus
1196 3990 1277 4062 dare
1298 3989 1418 4060 liberis

360 4091 548 4203 quidquam
566 4127 628 4202 pro
644 4105 715 4180 vita
732 4111 767 4178 ct
781 4103 1073 4180 substentatione.
1090 4105 1129 4181 ln
1143 4106 1306 4182 omnibus
1320 4127 1418 4202 prac-
