3116 5214
583 473 691 548 ..51
712 515 761 532 ..

524 728 680 803 Ruenron
697 727 814 804 xxm.

474 973 524 1048 De
539 972 684 1066 confinio
699 975 864 1069 ripnmm.

180 1213 221 1294 si
235 1211 389 1283 duorum
413 1212 527 1282 terrae
550 1207 623 1281 sint
635 1206 816 1294 oonfinee,
837 1229 984 1303 quarum
1001 1209 1071 1284 uria
1087 1210 1193 1286 estin

135 1328 360 1404 emineniiori
390 1328 468 1401 loeo
494 1321 538 1410 ei*
553 1325 622 1398 alia
647 1325 683 1398 in
710 1324 864 1398 inferiori
890 1327 963 1402 sive
980 1328 1020 1400 in·
1037 1331 1114 1402 loeo
1135 1329 1197 1402 de·

137 1467 269 1543 presso,
286 1445 358 1542 ripa
372 1467 476 1540 supra
494 1441 597 1539 quarn
615 1450 670 1516 εει
686 1448 792 1529 terra,
809 1465 901 1537 ‘qnae
919 1443 954 1516 in
973 1444 1194 1522 eminentiori

136 1564 214 1636 loeo
233 1567 300 1650 εει,
318 1562 402 1634 lieet
415 1561 461 1634 eii
473 1545 677 1633 immediate
688 1561 1003 1656 conjuncta'eenae
1020 1563 1194 1652 inferiori·

135 1681 207 1753 sive
224 1701 311 1776 queo
331 1687 385 1751 εει
398 1679 434 1750 in
448 1680 527 1752 loeo
545 1676 730 1776 depensum
741 1685 817 1774 ejus
831 1686 896 1764 εει,
912 1681 1012 1777 nujus
1024 1687 1085 1769 ..est
1102 1689 1196 1755 uerna

135 1800 171 1870 in
199 1797 422 1881 eminentiori
448 1797 527 1870 loeo
549 1797 725 1882 existens,
745 1797 811 1869 nisi
830 1779 1033 1872 ostendatur
1049 1801 1124 1874 eive
1143 1801 1194 1872 di·

133 1917 335 2013 stinguatur
349 1937 418 1989 una
432 1922 525 1990 terra
539 1915 581 1988 nh
593 1917 664 1988 alia
677 1937 738 2012 per
749 1917 919 1990 terminos·
932 1917 1055 1991 finales
1071 1917 1127 1992 rei
1141 1918 1197 1991 ina·

25 2055 31 2080 ι
135 2039 370 2108 strumentum
389 2031 584 2129 pubiicum,
603 2053 663 2129 per
681 2033 773 2127 quod
793 2033 930 2106 dicatur
946 2043 983 2106 ει
999 2030 1196 2109 deelaretur

136 2171 214 2222 esse
232 2151 323 2246 ejus,
344 2148 404 2245 qui
422 2149 625 2222 inferiorern
644 2155 791 2236 terram*
807 2171 895 2244 quae
911 2159 967 2222 εει
984 2151 1020 2222 in
1039 2152 1117 2224 loeo
1135 2152 1196 2224 dea

134 2289 273 2364 presso,
302 2265 425 2352 nahem
452 2273 491 2337 ει
514 2264 607 2360 quod
632 2269 790 2337 servatur
806 2264 841 2336 in
860 2266 952 2362 ripa,
973 2263 1064 2338 idern
1082 2267 1119 2339 in
1137 2290 1198 2354 eo,·

133 2386 226 2482 quod
242 2385 627 2481 seeundumvulgarem
643 2402 745 2456 usum
761 2383 926 2480 loquendi
940 2386 1099 2460 Surrenti
1113 2388 1196 2460 eiri·

133 2519 215 2572 eum
234 2497 384 2574 dieitur:
405 2497 538 2570 habens
555 2503 673 2570 tamen
693 2504 819 2570 terram
839 2498 1053 2588 inferiorem,
1070 2499 1193 2575 sivein

135 2615 215 2689 loeo
242 2616 425 2713 depresso,
452 2621 567 2712 potest
591 2634 695 2712 prope
721 2614 830 2711 ripam
856 2615 929 2690 siue
945 2615 1094 2690 eirieum
1110 2640 1193 2690 eum

132 2730 243 2806 bobus
257 2731 392 2828 junonis
410 2753 509 2803 arare
526 2736 654 2803 terram
674 2749 786 2816 suam,
807 2737 844 2802 et
860 2731 896 2802 in
913 2738 1063 2820 tunium,
1084 2754 1194 2828 ‹puana

133 2856 210 2922 tum
223 2854 338 2946 potest
356 2871 436 2921 eum
453 2846 537 2944 ipsis
550 2845 804 2942 bobuejunetis
816 2853 1060 2922 arare-terram
1077 2851 1196 2937 suam,'

134 2968 262 3066 poterit
283 2968 514 3065 propinquare
532 2965 575 3037 ad
594 2965 703 3062 ripam
721 2971 757 3038 ει
773 2960 919 3038 efrioum
930 2967 1006 3054 ,ita
1024 2972 1115 3065 quod
1130 2991 1193 3069 ¹pos

134 3086 248 3160 diotae
273 3085 369 3182 ripae
396 3105 465 3155 non
491 3088 672 3178 tangatur,
699 3104 764 3154 nee
782 3081 955 3155 involetur
972 3092 1062 3157 terra
1079 3087 1196 3166 dietae,

132 3202 228 3299 ripae
243 3223 323 3274 eum
340 3207 454 3274 aratro
467 3199 659 3297 praedietm
676 3205 711 3270 ει
727 3199 756 3269 si
775 3197 862 3270 soree
880 3201 1045 3295 probetur
1063 3204 1196 3281 dietam
1327 3253 1334 3272 .

132 3328 262 3392 terram
282 3318 395 3390 dietae
414 3316 509 3412 ripae
528 3338 606 3388 esse
624 3305 812 3388 involutam
830 3315 1023 3414 perillum,
1040 3320 1193 3414 quiana·

130 3437 222 3513 verit
236 3439 291 3512 vel
310 3436 400 3510 arari
422 3435 547 3540 iecerit
563 3441 691 3508 terram
710 3459 829 3524 suam,
850 3443 886 3508 ει
903 3437 939 3508 in
957 3435 1095 3512 deiectu
1113 3455 1195 3535 'prou

132 3553 290 3628 bationis·
303 3553 335 3626 si
352 3554 488 3627 noviter
512 3553 604 3626 diota
624 3557 719 3626 terra
735 3575 798 3624 sue
816 3559 957 3649 apparet
973 3561 1067 3628 erate
1088 3553 1197 3630 euin-‘³

132 3671 249 3747 volatu
261 3676 354 3742 terra
373 3670 409 3742 in
424 3670 518 3743 diota
531 3673 618 3767 ripa,
634 3672 727 3767 quod
744 3677 905 3744 teneatur
920 3677 957 3743 ει
973 3671 1098 3745 debeat
1115 3674 1189 3762 iile3

134 3788 194 3886 qui
218 3785 328 3862 aravit
353 3793 501 3874 terram,
522 3794 561 3859 ut
578 3788 711 3861 dietum
729 3793 806 3874 ests
820 3788 889 3875 illi,
910 3789 1011 3885 eujus
1028 3797 1082 3862 εει
1099 3790 1191 3864 diota

134 3905 235 4004 ripa,
267 3926 475 4001 componere
507 3903 647 3976 nomine
676 3927 807 4002 poenae
839 3913 977 3979 tarenos
1006 3905 1189 3980 duodecim

135 4021 359 4120 amalphiae,
388 4021 448 4120 qui
474 4028 556 4097 sunt
572 4027 651 4095 uoto
669 4021 767 4109 auri,
788 4021 886 4096 nulla
903 4023 972 4095 alia
990 4023 1190 4119 probatione

136 4139 298 4218 admissa.
