3116 5214
598 483 773 556 ..59...

164 633 321 700 mentum
338 622 665 723 praestans-possint
681 623 719 694 in
735 623 912 719 praedioto
927 635 1110 706 oontnsntu
1129 629 1222 708 insto

162 765 225 840 pen
242 743 530 838 oosiem'pntrent
548 747 584 814 et
603 745 762 820 matrem.

210 861 312 949 ,ῥυσὰ
324 858 458 932 nulius
477 864 578 956 pater
602 857 639 931 in
657 857 822 934 civilibus
839 853 958 935 oensis
976 863 1087 958 possit
1105 864 1223 960 pothi·

161 979 245 1052 bern
274 975 514 1051 testimoninm
541 974 723 1072 prosilio,
744 975 1135 1084 neoitiuspnopatno,
1157 1005 1223 1058 nen

162 1095 271 1169 treton
296 1115 357 1190 pno
373 1091 508 1178 nanos
535 1097 571 1166 ot
594 1090 623 1164 si
641 1090 843 1188 perhibent,
864 1116 936 1169 non
954 1102 1036 1170 sunt
1055 1097 1220 1174 audiendi
1339 1201 1341 1206 ,

161 1210 464 1302 nsoodmittendi.
537 1249 586 1284 μ,
639 1261 641 1268 ⁴

463 1385 477 1396 ,.
545 1329 702 1404 Rnnnson
723 1330 839 1404 XLlli.

193 1563 259 1684 *ne
274 1565 358 1664 filiis
370 1563 558 1662 petentibus
571 1565 759 1660 pontionem
771 1567 930 1662 patribus
943 1577 975 1643 et
995 1569 1170 1642 matribus.

206 1802 305 1895 Quod
327 1804 357 1876 si
380 1803 459 1900 quis
486 1804 580 1877 filius
603 1803 638 1876 in
670 1810 783 1878 aetate
808 1805 1021 1898 constitutus
1039 1807 1125 1903 petit
1143 1830 1220 1912 pop-

157 1923 286 1998 tionem
308 1921 492 2018 injudicio
510 1920 598 2018 patri
617 1928 653 1995 et
671 1921 772 1994 matri
795 1923 849 1994 vel
873 1922 980 1996 alioui
1001 1923 1155 2020 ipsorum
1177 1924 1219 1998 de

155 2039 258 2112 bonis
283 2061 423 2123 sotumi,
448 2037 542 2133 quod
561 2043 658 2135 pater
676 2043 718 2112 et
732 2044 860 2122 maten,
888 2045 1069 2134 postquam
1087 2038 1221 2118 fuerint

156 2154 316 2252 legitime
331 2153 432 2228 nitati
449 2177 468 2226 a
486 2152 569 2227 filiis
586 2175 709 2227 eorum
728 2154 772 2226 de
790 2153 947 2250 portione
966 2155 1060 2250 ipsos
1081 2157 1218 2230 eontin-

154 2281 261 2371 gento
282 2273 325 2344 do
343 2271 444 2344 bonis
462 2271 637 2354 dictorum
653 2270 761 2367 patris
787 2278 823 2344 et
843 2261 963 2344 mettis
980 2293 1044 2344 seu
1065 2271 1216 2368 aiicujus

154 2390 323 2488 ipsorum,
343 2387 477 2462 nullom
495 2387 745 2462 alienationem
761 2386 877 2464 iacens
896 2389 1033 2484 possint
1050 2387 1092 2460 de
1113 2386 1215 2468 bonis

154 2527 296 2592 eorum,
316 2527 406 2602 quae
421 2505 637 2602 praejudicet
654 2504 737 2578 filiis
755 2504 799 2576 de
818 2505 1058 2604 portione-sos
1077 2503 1229 2578 eontin-¹

153 2631 256 2720 gente
277 2624 320 2696 de
336 2623 448 2712 ¹bonis
463 2645 603 2696 oneum:
625 2621 690 2695 hoo
708 2627 826 2696 tamen
846 2622 987 2710 addito,
1011 2622 1103 2718 quod
1121 2646 1213 2698 mon·

154 2746 214 2813 tuo
238 2745 333 2836 patre
360 2746 396 2812 et
421 2746 530 2811 matre
549 2739 710 2824 vivente,
737 2738 819 2810 filiis
839 2736 874 2810 in
895 2745 1007 2810 aetate
1032 2738 1086 2812 vel
1104 2720 1210 2828 oinos,

153 2865 263 2929 maten
285 2879 348 2930 sua
372 2857 505 2929 nullam
530 2856 779 2930 alienationem
804 2857 919 2929 fanone
942 2857 1053 2953 possit
1078 2857 1113 2933 in
1132 2881 1211 2956 pon·

153 2972 245 3046 tione
263 2973 346 3047 dicti
365 2972 427 3046 filii
446 2975 513 3046 sui.

536 3208 689 3282 nonnos
708 3209 821 3282 XLIV.

428 3445 477 3520 De
492 3448 721 3526 decedentibus
736 3451 915 3526 intestatis.
1011 3402 1016 3409 ·

198 3679 299 3766 Quod
314 3679 343 3754 si
361 3678 490 3775 aliquis
503 3679 608 3756 homo
621 3683 760 3758 decedit
777 3683 867 3758 inira
884 3692 1036 3785 tempus,
1053 3710 1122 3794 quo
1134 3710 1206 3762 non

150 3793 260 3894 possit
279 3796 413 3882 testari,
426 3795 480 3870 vel
493 3795 691 3887 intestatus,
704 3808 812 3876 matre
827 3809 975 3890 mortua,
985 3811 1081 3901 patre
1096 3803 1207 3900 ipsius

150 3910 352 3986 deoedontis
369 3912 632 4009 supervivente,
654 3918 746 4011 quod
765 3921 881 3994 omnia
899 3918 988 3993 bona
1008 3921 1151 3994 mobilia
1168 3927 1205 3994 et

150 4029 287 4102 stabilia
305 4035 461 4102 matema
475 4030 672 4124 pertineant
688 4042 723 4107 ot
742 4035 812 4108 sint
827 4035 869 4108 do
884 4036 1049 4132 legitimis
1062 4060 1204 4112 sucoss-

150 4148 286 4222 sonibus
310 4170 373 4222 seu
400 4170 604 4224 successore
630 4151 749 4225 matris
774 4153 858 4229 dicti
883 4155 1103 4246 decedentis;
1129 4163 1203 4232 eto
