3098 5218
790 413 838 428 -
854 371 901 445 88
919 411 965 430 ·-
1064 366 1066 370 ’

346 531 408 581 seu
434 511 605 595 rusticus,
627 511 679 582 vel
701 509 876 582 habitator
894 514 989 580 extra
1010 528 1128 579 muros
1145 504 1305 581 Civitatis
1323 509 1416 582 Sur·
1523 487 1524 494 ἵ

345 627 455 714 renti,
477 634 618 698 tarenos
636 629 712 698 auri
733 625 949 721 quindecim.
968 626 1215 697 Verumtamen
1234 625 1264 695 si
1283 647 1414 697 uxores
1523 659 1524 726 3

342 766 462 816 eorum
480 744 592 817 velint
606 745 766 842 judicare
780 744 834 816 uel
849 744 966 839 legare
981 740 1016 813 in
1032 741 1167 815 ultimis
1181 741 1273 815 vitae
1288 765 1413 814 earum
1523 731 1524 808 l

344 861 479 955 maritis
503 862 597 934 ultra
620 861 833 958 praedictam
858 858 1107 955 quantitatem,
1128 856 1234 932 liceat
1252 858 1317 946 eis,
1337 865 1414 931 tam

285 1021 291 1031 ·
342 979 372 1050 si
391 977 540 1050 habeant
561 984 693 1074 patrem
713 984 783 1050 tam
803 977 832 1050 si
852 999 920 1049 non
939 973 1139 1073 praedictae
1156 995 1297 1048 uxores.

545 1283 546 1286 γ
671 1173 826 1288 eunucu
850 1211 1039 1338 LXllXVll.

345 1449 394 1522 lle
409 1453 452 1522 ita
468 1453 525 1545 qut
539 1461 670 1526 mutual
686 1458 843 1528 termium
860 1463 986 1528 elautae
1005 1457 1042 1526 iu
1060 1453 1206 1547 conficto
1222 1433 1409 1528 terrorum}

391 1683 488 1770 Quod
513 1685 542 1756 si
568 1686 677 1782 aliqui
702 1686 848 1782 lapides,
870 1687 929 1781 qui
948 1687 1140 1783 vulgariter
1157 1687 1323 1760 dicuntur
1340 1693 1413 1758 ter-

236 1851 237 1858 1
344 1803 443 1890 mini,
464 1805 521 1877 fixi
546 1814 628 1878 suut
653 1807 689 1878 in
714 1807 865 1880 confinio
889 1814 1062 1881 terrarum
1083 1809 1279 1904 aliquorum
1298 1807 1413 1880 humi-

343 1945 427 1994 num
446 1923 487 1994 de
505 1924 686 2013 Surrento,
704 1933 738 1998 et
758 1925 885 2021 aliquis
903 1927 1092 2000 confinalis
1107 1927 1320 2030 auctoritate
1332 1948 1412 2022 pro·

344 2039 418 2135 pria
437 2039 585 2136 extirpet
603 2065 666 2114 seu
686 2043 850 2140 extirpari
870 2044 953 2118 lacit
971 2045 1067 2139 ipsos
1086 2045 1255 2126 terminos
1269 2067 1331 2116 seu
1347 2043 1412 2114 ali-

345 2181 448 2252 quem
466 2181 506 2230 ex
526 2161 591 2246 eis,
613 2162 704 2256 quod
723 2162 798 2248 ille,
818 2162 878 2257 qui
899 2162 1050 2258 extirpet
1066 2183 1129 2233 seu
1147 2160 1311 2256 extirpari
1326 2159 1413 2232 facit
1523 2195 1524 2198 ¹

344 2274 439 2369 ipsos
457 2274 513 2348 vel
532 2276 683 2374 aliquem
698 2273 744 2350 =eu
763 2278 827 2364 eis,
841 2284 1002 2350 teneatur
1016 2281 1051 2348 et
1065 2275 1189 2348 debeat
1202 2297 1411 2374 componere
1523 2339 1524 2358 ,

345 2386 630 2482 nomine'poenac
646 2388 747 2462 alteri
763 2388 927 2462 confinali
942 2397 1082 2462 tarenos
1097 2386 1281 2461 duodecim
1293 2386 1411 2458 Amal·

345 2499 459 2596 plaiae,
479 2507 515 2572 et
536 2504 702 2574 reducere
725 2504 893 2575 terminos
918 2504 1109 2599 extirpator
1127 2527 1146 2576 a
1165 2501 1315 2576 confinio
1340 2508 1411 2574 ter·

344 2641 466 2689 rarum·
486 2618 522 2690 iu
547 2627 674 2692 statum
694 2619 897 2716 pristinum,
919 2619 947 2690 si
968 2617 1134 2715 probatur
1153 2619 1356 2714 extirpasse3
1378 2618 1409 2688 si

345 2759 414 2807 nou
431 2737 606 2832 probatur,
628 2745 739 2812 statur
756 2745 972 2812 sacramento
991 2738 1055 2811 rei.

687 2971 841 3046 Ruemcu
859 2971 1064 3044 LXXXVlll.

372 3227 421 3301 De
433 3229 626 3325 piquoribcs
641 3231 755 3340 positis
773 3228 831 3300 sub
845 3231 985 3325 pipuore
998 3252 1062 3325 pro
1075 3232 1220 3326 pecunia
1235 3175 1286 3300 rol
1301 3227 1378 3300 olio.

396 3464 492 3550 Quod
519 3464 548 3536 si
574 3463 652 3559 quis
676 3463 779 3534 homo
805 3465 847 3535 de
865 3463 1034 3537 Surrento
1058 3468 1195 3537 mutuat
1219 3462 1320 3536 alteri
1347 3463 1408 3536 ho·

348 3581 433 3654 mini
451 3581 494 3652 de
512 3581 632 3652 cadem
646 3579 792 3666 Ciuitate
807 3580 961 3676 aliquam
976 3581 1146 3677 pecuniae
1161 3580 1402 3676 quantitatem,

347 3703 383 3770 et
404 3697 530 3794 recipit
552 3696 677 3770 exinde
696 3697 738 3768 ab
758 3719 799 3769 eo
816 3697 944 3794 pignus
963 3697 1104 3794 aliquod
1122 3695 1262 3792 majoris
1279 3695 1407 3768 valoris

348 3817 403 3888 uel
422 3817 566 3889 minoris
582 3815 751 3913 pecuniae
770 3815 837 3887 sibi
859 3821 1051 3903 mutuatae,
1073 3817 1164 3912 quod
1182 3815 1256 3901 ille,
1277 3812 1336 3909 qui
1354 3835 1408 3886 re-

351 3937 442 4034 cepit
460 3935 587 4008 dictam
605 3934 787 4032 pecuniam
800 3941 941 4022 mutuo,
958 3939 1118 4008 teneatur
1136 3939 1172 4005 et
1188 3931 1313 4005 debeat
1329 3933 1407 4004 red·

267 4053 272 4062 '
354 4053 434 4124 dere
448 4051 611 4125 creditori
625 4075 689 4126 suo
703 4049 886 4148 pecuniam
901 4050 967 4124 sibi
982 4054 1187 4138 mutuatam,
1203 4055 1238 4123 et
1251 4047 1405 4146 recipere
