3098 5218
579 439 756 514 ..85-

135 603 226 666 eam,
246 583 343 675 pater
361 581 397 650 et
413 584 522 648 mater
535 597 598 648 sua
613 598 683 648 non
699 576 832 673 possint
844 577 925 652 dare
939 579 971 653 ei
988 580 1085 655 dotes
1100 584 1191 658 ultra
1303 579 1305 582 ’

132 697 328 795 portionem
352 695 466 798 ipsam
498 693 758 790 contingentem
779 694 832 771 de
854 694 955 770 bonis
978 701 1132 795 paternis
1156 709 1192 775 et

136 813 327 899 maternis,
347 816 413 898 ret,
434 810 507 906 ipsa
529 809 706 897 maritata,
733 811 877 883 maritus
900 812 1009 908 ipsius
1033 823 1193 892 teneatur

137 929 219 1002 dare
242 928 383 1001 domino
404 927 511 1024 patrls
531 926 690 998 mulieris
707 931 834 1022 nuptae
852 932 991 1002 tarenos
1009 934 1085 1004 auri
1104 933 1192 1009 duos

135 1072 198 1146 pro
216 1047 348 1144 nuptiis
365 1045 761 1119 tantum.Verumtamen
773 1047 945 1120 vassallus
963 1048 1113 1146 alieuius
1128 1053 1191 1125 ho·

135 1167 243 1240 minis
261 1166 302 1238 de
315 1165 482 1238 Surrento
500 1187 569 1237 non
586 1163 697 1261 possit
715 1164 875 1237 maritare
893 1189 956 1238 seu
975 1169 1110 1242 tradere
1126 1193 1192 1243 nu·

134 1285 211 1382 ptui
229 1284 338 1379 ipsam
358 1283 465 1355 filiam
485 1306 582 1356 suam
597 1282 703 1354 alieui
722 1281 855 1355 homini
874 1283 1004 1359 liberae
1019 1287 1190 1360 conditio·

134 1400 190 1472 nis
207 1405 243 1471 et
261 1403 372 1471 status
390 1399 466 1471 sine
484 1398 661 1473 voluntate
681 1399 736 1472 sui
755 1399 899 1488 domini;
920 1408 955 1473 et
973 1402 1003 1474 si
1021 1425 1123 1476 secus
1141 1403 1158 1474 f
1175 1443 1192 1460 -

133 1524 229 1590 otum
253 1517 360 1589 luerit
381 1540 443 1612 per
465 1539 566 1604 eum,
594 1516 668 1615 ipsa
682 1517 752 1590 tilia
769 1542 832 1590 sua
850 1527 1010 1594 teneatur
1028 1523 1188 1598 amittere

134 1633 246 1721 dotes,
263 1640 298 1705 et
316 1633 545 1728 acquirantur
563 1633 662 1706 dotes
681 1634 823 1708 domino
841 1635 1061 1735 illius‚oujus
1075 1639 1188 1714 luerat

133 1750 303 1822 vassallus
329 1755 428 1845 pater
457 1750 569 1823 diotae
592 1750 751 1823 mulieris
774 1758 915 1848 nuptae.
934 1753 977 1824 Et
995 1754 1061 1827 hoe
1083 1755 1187 1830 etiam
1318 1755 1324 1781 '

132 1867 262 1942 servari
280 1867 404 1940 debeat
420 1867 458 1939 in
476 1866 636 1942 vassallis
652 1868 892 1944 lleelesiarum
909 1872 1082 1946 Surrenti.

490 2107 655 2180 Burman
671 2103 832 2178 LXXXll.

156 2341 206 2416 llo
222 2339 334 2415 colono
351 2341 490 2414 intente
507 2351 634 2414 terram
649 2341 694 2414 nd
709 2341 812 2434 linem
829 2351 941 2414 terroe
956 2343 1157 2440 eolltptntoe.

180 2581 279 2670 Quod
295 2583 325 2654 si
343 2583 422 2677 quis
440 2584 544 2656 lromo
562 2582 694 2656 detinet
712 2583 864 2678 aliquam
882 2590 1009 2656 terram
1028 2605 1108 2658 oum
1126 2585 1190 2658 ali-

133 2723 201 2796 quo
225 2701 367 2773 homine
391 2702 434 2774 de
451 2702 621 2775 Surrento
639 2702 675 2774 in
693 2702 835 2799 colligis
853 2724 916 2775 seu
934 2702 970 2774 in
988 2704 1192 2799 emphyteu-

133 2818 186 2905 si,
206 2824 242 2891 et
264 2819 338 2915 ipse
363 2819 548 2915 partiarius
573 2819 719 2891 colonus
742 2818 797 2892 vel
820 2819 1015 2914 inquilinus
1040 2819 1133 2892 dieat
1150 2843 1188 2893 se

131 2935 260 3009 habere
273 2936 402 3010 ibidem
418 2937 569 3031 aliquam
589 2935 817 3030 quantitatem
830 2941 942 3008 terrae
962 2935 1190 3033 liberae,ipse

131 3052 319 3151 partiarius
345 3054 492 3126 oolonus
517 3049 572 3126 vel
599 3050 795 3146 inquilinus
821 3057 981 3122 teneatur
1006 3054 1189 3126 ostendere

132 3176 168 3242 et
184 3169 329 3266 probare
348 3193 409 3267 per
426 3171 658 3241 instrumenta
673 3166 896 3263 publiea,‘vel
915 3189 975 3264 per
993 3175 1099 3242 testes
1117 3170 1191 3243 ido·

134 3312 217 3362 neos
241 3296 277 3362 et
297 3289 505 3362 sufficientes
530 3295 565 3360 et
583 3286 677 3359 omni
696 3287 900 3383 exceptione
918 3289 1065 3385 majores
1082 3310 1191 3383 quan·

134 3405 268 3478 titatem
284 3411 398 3478 terrae
413 3404 561 3491 liberae3
580 3409 616 3476 et
632 3403 661 3475 si
679 3403 744 3476 hoe
761 3402 905 3500 probare
923 3427 992 3476 non
1012 3404 1120 3501 possit
1133 3405 1188 3478 rel

134 3544 203 3595 non
225 3522 331 3611 velit,
351 3529 462 3597 statur
484 3523 577 3596 dioto
600 3522 718 3607 illius,
739 3545 819 3594 oum
843 3543 911 3616 quo
935 3520 1039 3593 habet
1055 3522 1184 3596 dietam

132 3646 262 3713 terram
278 3640 314 3712 in
331 3641 485 3736 colligis,
498 3663 579 3713 eum
592 3641 804 3737 juramento,
822 3661 890 3710 non
908 3637 1068 3714 obstante
1088 3641 1183 3737 quod

134 3758 165 3832 si
182 3763 347 3856 apparent
363 3756 411 3830 ihi
429 3757 536 3853 aliqui
554 3757 694 3831 termini
712 3755 770 3829 lixi
788 3780 849 3853 pro
867 3757 1038 3832 terminis.
