3116 5214
646 491 649 498 “
783 493 957 568 -60-

348 643 468 712 contra
495 634 557 710 illc
587 633 728 709 homine
759 635 968 722 decedente,
995 637 1132 707 mortun
1156 639 1272 729 peine,
1293 638 1418 706 meite

349 758 498 843 vivente,
510 756 603 852 quod
621 753 710 827 bunc
730 761 871 850 patema
888 754 961 828 sint
977 759 1014 827 et
1030 775 1107 826 esse
1119 750 1277 826 'debeant
1294 751 1338 826 de
1354 751 1420 824 le·

348 872 481 970 gitimis
498 869 763 946 successoribus
781 893 843 944 seu
862 891 1065 946 successore
1083 869 1192 968 peinis
1209 867 1321 956 illius,
1341 869 1416 966 qui

348 988 500 1062 decessit
524 991 602 1085 pusi
626 993 772 1060 mentem
794 986 903 1084 peinis
925 986 1115 1060 intestatus
1132 985 1188 1059 vei
1208 983 1298 1057 inim
1317 990 1421 1058 mm·

244 1087 246 1090 ¹
348 1129 432 1205 pus,
458 1127 526 1202 quo
539 1105 667 1179 'testari
691 1105 909 1203 noncessit,
930 1111 967 1178 ei
984 1111 1096 1178 meten
1110 1111 1177 1178 sue
1195 1101 1333 1177 nullum
1350 1103 1422 1200 jus
1445 1203 1447 1206 Ι

346 1223 475 1297 haheat
492 1223 626 1296 natione
644 1222 878 1297 successionis
896 1221 961 1296 dlii
979 1220 1035 1294 sui
1058 1222 1095 1295 in
1112 1219 1213 1294 bonis
1231 1219 1420 1318 quendum

349 1339 464 1413 meriti
482 1339 550 1427 sui,
570 1339 652 1412 filiis
669 1346 786 1413 temen
805 1337 973 1434 legitimis
991 1358 1060 1410 ucu
1079 1336 1228 1411 relictis.

636 1619 642 1639 .
742 1572 896 1646 Rnnvucu
911 1532 1018 1648 xqu

399 1845 403 1854 ·
483 1808 533 1884 De
549 1806 783 1904 recipientibus
795 1817 911 1902 partes
928 1831 951 1882 a
965 1805 1166 1912 parentibus
1182 1806 1266 1881 scie.

397 2039 495 2128 Quod
511 2040 542 2114 si
560 2039 687 2137 aliquis
701 2041 805 2114 homo
820 2041 875 2117 vel
890 2042 1018 2117 mulier
1031 2045 1238 2144 seueIIquis
1250 2029 1413 2144 ipsorum

348 2157 477 2232 habent
497 2158 632 2256 aliquos
649 2159 755 2248 filios,
766 2168 801 2234 et
818 2160 902 2235 dent
919 2162 973 2235 eis
985 2163 1181 2260 portionem
1197 2185 1259 2260 per
1274 2161 1416 2236 insinu-

348 2287 505 2352 mentum
527 2282 652 2354 mevsis
670 2282 713 2356 de
730 2281 831 2356 bonis
848 2305 984 2372 eorum,
1005 2283 1096 2379 quod
1116 2283 1146 2357 si
1165 2306 1257 2359 unus
1274 2306 1318 2357 ex
1335 2283 1414 2359 illis

348 2395 430 2470 filiis
447 2396 802 2487 decedit,succeduni
819 2399 879 2473 alii
898 2399 1160 2496 supervivemus
1173 2401 1209 2474 in
1222 2399 1326 2484 hunis
1339 2401 1414 2478 fru-
1462 2429 1465 2434 ·

346 2517 411 2589 tuis
436 2539 579 2606 ecnum3
605 2517 768 2593 videlicet
791 2519 839 2591 ita
864 2521 1030 2596 tamensi
1051 2520 1409 2600 ¹illeimtermeviiuu

348 2633 532 2707 intestatus
550 2633 605 2708 vel
624 2633 714 2708 infre
732 2641 889 2732 tempus,
906 2659 974 2733 quc
991 2638 1113 2713 testari
1131 2661 1200 2713 non
1218 2639 1340 2738 possit.

730 2871 885 2946 Runmcn
901 2871 1017 2946 XLVL

709 3110 758 3182 Dc
773 3114 854 3204 jure
877 3122 1030 3206 pucrtcc.

397 3339 495 3430 Quod
519 3340 550 3415 si
581 3340 710 3436 aliquis
739 3341 843 3414 homo
865 3327 1006 3415 decedit
1023 3343 1268 3441 supervivente
1285 3349 1405 3446 eliqua

348 3478 456 3531 uxore
473 3479 557 3560 suu,
582 3457 673 3554 quod
692 3457 753 3530 illc
772 3479 858 3532 uxor
874 3480 937 3530 sua
956 3457 1084 3534 hebeat
1101 3468 1260 3558 queniam
1279 3464 1322 3538 de
1340 3459 1405 3541 bo·

347 3578 403 3651 nis
428 3577 513 3652 dicti
535 3577 654 3652 mcviii
679 3578 735 3654 sui
761 3578 804 3652 cd
830 3577 1080 3652 usufruendum
1099 3587 1135 3654 ei
1151 3584 1404 3660 comedendam

345 3698 464 3796 ipsam
476 3704 632 3794 quantem
652 3696 783 3788 falsidii
801 3700 877 3786 sui,
891 3697 927 3772 si
945 3697 1053 3772 hebet
1070 3699 1161 3776 filios
1179 3723 1198 3774 e
1217 3702 1312 3778 dicte
1330 3727 1405 3778 me·

345 3805 413 3890 nitu
440 3804 527 3906 suo,
560 3823 596 3890 et
624 3816 666 3890 ed
689 3824 836 3891 montem
866 3839 965 3890 suam
983 3809 1104 3892 redeat
1119 3818 1163 3892 ed
1180 3817 1292 3895 dictus
1309 3821 1403 3896 filios

346 3957 448 4023 su0s;
468 3941 504 4009 ci
520 3935 549 4008 si
569 3934 656 4008 sone
674 3957 743 4008 non
761 3933 904 4034 heberei
921 3955 940 4006 u
957 3932 1052 4008 dicto
1069 3935 1193 4010 merito
1210 3959 1288 4026 suc,
1305 3938 1352 4012 sii
1365 3946 1403 4013 et

346 4071 425 4122 esse
447 4051 571 4126 debeat
607 4051 724 4125 inance
748 4055 785 4124 ei
806 4047 916 4124 libem
934 4049 1049 4125 dictae
1068 4051 1187 4127 uxoris
1204 4076 1288 4129 suae
1306 4049 1400 4130 dictu

221 4183 224 4196 ·
350 4172 484 4264 quarte.
