<?xml version="1.0" encoding="UTF-8"?>
<!DOCTYPE html PUBLIC "-//W3C//DTD XHTML 1.0 Transitional//EN"
    "http://www.w3.org/TR/xhtml1/DTD/xhtml1-transitional.dtd">
<html xmlns="http://www.w3.org/1999/xhtml" xml:lang="en" lang="en">
 <head>
  <title>
</title>
<meta http-equiv="Content-Type" content="text/html;charset=utf-8" />
  <meta name='ocr-system' content='tesseract 3.04.00' />
  <meta name='ocr-capabilities' content='ocr_page ocr_carea ocr_par ocr_line ocrx_word'/>
</head>
<body>
  <div class='ocr_page' id='page_1' title='image "./leconsuetudinid00volpgoog_0024.png"; bbox 0 0 3116 5214; ppageno 0'>
   <div class='ocr_carea' id='block_1_1' title="bbox 572 486 746 559">
    <p class='ocr_par' dir='ltr' id='par_1_1' title="bbox 572 486 746 559">
     <span class='ocr_line' id='line_1_1' title="bbox 572 486 746 559; baseline -0.006 -16"><span class='ocrx_word' id='word_1_1' title='bbox 572 486 746 559; x_wconf 65' lang='lat'>...19-</span> 
     </span>
    </p>
   </div>
   <div class='ocr_carea' id='block_1_2' title="bbox 556 744 754 818">
    <p class='ocr_par' dir='ltr' id='par_1_2' title="bbox 556 744 754 818">
     <span class='ocr_line' id='line_1_2' title="bbox 556 744 754 818; baseline -0.015 0"><span class='ocrx_word' id='word_1_2' title='bbox 556 745 711 818; x_wconf 82' lang='lat' dir='ltr'>Ruenrcn</span> <span class='ocrx_word' id='word_1_3' title='bbox 729 744 754 816; x_wconf 88' lang='grc' dir='ltr'>Ι.</span> 
     </span>
    </p>
   </div>
   <div class='ocr_carea' id='block_1_3' title="bbox 371 979 936 1056">
    <p class='ocr_par' dir='ltr' id='par_1_3' title="bbox 371 979 936 1056">
     <span class='ocr_line' id='line_1_3' title="bbox 371 979 936 1056; baseline -0.018 0"><span class='ocrx_word' id='word_1_4' title='bbox 371 981 421 1056; x_wconf 84' lang='lat' dir='ltr'>De</span> <span class='ocrx_word' id='word_1_5' title='bbox 436 981 695 1054; x_wconf 72' lang='lat' dir='ltr'><strong><em>successionibus</em></strong></span> <span class='ocrx_word' id='word_1_6' title='bbox 712 979 753 1051; x_wconf 91' lang='lat' dir='ltr'>ob</span> <span class='ocrx_word' id='word_1_7' title='bbox 765 982 936 1052; x_wconf 75' lang='lat' dir='ltr'>&#39;totostoto</span> 
     </span>
    </p>
   </div>
   <div class='ocr_carea' id='block_1_4' title="bbox 174 1198 1314 1314">
    <p class='ocr_par' dir='ltr' id='par_1_4' title="bbox 174 1198 1314 1314">
     <span class='ocr_line' id='line_1_4' title="bbox 174 1198 1314 1314; baseline -0.012 -15"><span class='ocrx_word' id='word_1_8' title='bbox 174 1225 209 1300; x_wconf 91' lang='lat' dir='ltr'>Si</span> <span class='ocrx_word' id='word_1_9' title='bbox 228 1221 394 1294; x_wconf 87' lang='lat' dir='ltr'>moriatur</span> <span class='ocrx_word' id='word_1_10' title='bbox 405 1219 593 1314; x_wconf 83' lang='lat' dir='ltr'>aliquisuel</span> <span class='ocrx_word' id='word_1_11' title='bbox 608 1218 723 1313; x_wconf 83' lang='lat' dir='ltr'>aliqua</span> <span class='ocrx_word' id='word_1_12' title='bbox 738 1218 923 1288; x_wconf 89' lang='lat' dir='ltr'>intestatus</span> <span class='ocrx_word' id='word_1_13' title='bbox 937 1215 989 1290; x_wconf 86' lang='lat' dir='ltr'>vel</span> <span class='ocrx_word' id='word_1_14' title='bbox 1007 1217 1182 1294; x_wconf 82' lang='lat' dir='ltr'>intestata.</span> <span class='ocrx_word' id='word_1_15' title='bbox 1311 1198 1314 1203; x_wconf 51' lang='grc'><strong>’</strong></span> 
     </span>
    </p>
   </div>
   <div class='ocr_carea' id='block_1_5' title="bbox 109 1334 1277 4118">
    <p class='ocr_par' dir='ltr' id='par_1_5' title="bbox 121 1334 1277 3402">
     <span class='ocr_line' id='line_1_5' title="bbox 124 1334 1186 1432; baseline -0.008 -19"><span class='ocrx_word' id='word_1_16' title='bbox 124 1340 258 1413; x_wconf 89' lang='lat' dir='ltr'>relictis</span> <span class='ocrx_word' id='word_1_17' title='bbox 270 1338 351 1412; x_wconf 85' lang='lat' dir='ltr'>filiis</span> <span class='ocrx_word' id='word_1_18' title='bbox 363 1339 417 1410; x_wconf 89' lang='lat' dir='ltr'>vel</span> <span class='ocrx_word' id='word_1_19' title='bbox 433 1337 580 1423; x_wconf 85' lang='lat' dir='ltr'>filiabus,</span> <span class='ocrx_word' id='word_1_20' title='bbox 592 1335 774 1432; x_wconf 88' lang='lat' dir='ltr'>nepotibus</span> <span class='ocrx_word' id='word_1_21' title='bbox 786 1334 840 1404; x_wconf 90' lang='lat' dir='ltr'>vel</span> <span class='ocrx_word' id='word_1_22' title='bbox 854 1334 1029 1430; x_wconf 82' lang='lat' dir='ltr'>neptibus,</span> <span class='ocrx_word' id='word_1_23' title='bbox 1039 1341 1074 1406; x_wconf 91' lang='lat' dir='ltr'>et</span> <span class='ocrx_word' id='word_1_24' title='bbox 1088 1334 1186 1405; x_wconf 86' lang='lat' dir='ltr'>dein·</span> 
     </span>
     <span class='ocr_line' id='line_1_6' title="bbox 125 1449 1185 1552; baseline -0.008 -22"><span class='ocrx_word' id='word_1_25' title='bbox 125 1480 220 1552; x_wconf 89' lang='lat' dir='ltr'>ceps,</span> <span class='ocrx_word' id='word_1_26' title='bbox 231 1477 292 1526; x_wconf 88' lang='lat' dir='ltr'>seu</span> <span class='ocrx_word' id='word_1_27' title='bbox 307 1453 490 1550; x_wconf 83' lang='lat' dir='ltr'>nepotibus</span> <span class='ocrx_word' id='word_1_28' title='bbox 506 1452 619 1524; x_wconf 90' lang='lat' dir='ltr'>solum</span> <span class='ocrx_word' id='word_1_29' title='bbox 633 1475 675 1522; x_wconf 83' lang='lat' dir='ltr'>ex</span> <span class='ocrx_word' id='word_1_30' title='bbox 688 1451 920 1548; x_wconf 70' lang='lat' dir='ltr'>praemortuis</span> <span class='ocrx_word' id='word_1_31' title='bbox 932 1450 1027 1537; x_wconf 86' lang='lat' dir='ltr'>filiis,</span> <span class='ocrx_word' id='word_1_32' title='bbox 1038 1449 1101 1521; x_wconf 87' lang='lat' dir='ltr'>filii</span> <span class='ocrx_word' id='word_1_33' title='bbox 1117 1473 1185 1522; x_wconf 90' lang='lat' dir='ltr'>una</span> 
     </span>
     <span class='ocr_line' id='line_1_7' title="bbox 127 1569 1187 1668; baseline -0.007 -22"><span class='ocrx_word' id='word_1_34' title='bbox 127 1595 209 1646; x_wconf 89' lang='lat' dir='ltr'>oum</span> <span class='ocrx_word' id='word_1_35' title='bbox 228 1571 424 1668; x_wconf 84' lang='lat' dir='ltr'>nepotibus,</span> <span class='ocrx_word' id='word_1_36' title='bbox 442 1570 603 1666; x_wconf 86' lang='lat' dir='ltr'>neptibus</span> <span class='ocrx_word' id='word_1_37' title='bbox 619 1577 655 1642; x_wconf 89' lang='lat' dir='ltr'>et</span> <span class='ocrx_word' id='word_1_38' title='bbox 673 1570 837 1666; x_wconf 81' lang='lat' dir='ltr'>deinceps</span> <span class='ocrx_word' id='word_1_39' title='bbox 856 1569 1050 1642; x_wconf 86' lang='lat' dir='ltr'>succedunt</span> <span class='ocrx_word' id='word_1_40' title='bbox 1064 1591 1187 1664; x_wconf 89' lang='lat' dir='ltr'>paren·</span> 
     </span>
     <span class='ocr_line' id='line_1_8' title="bbox 125 1681 1185 1785; baseline -0.004 -23"><span class='ocrx_word' id='word_1_41' title='bbox 125 1691 219 1762; x_wconf 90' lang='lat' dir='ltr'>tibus</span> <span class='ocrx_word' id='word_1_42' title='bbox 240 1690 275 1762; x_wconf 93' lang='lat' dir='ltr'>in</span> <span class='ocrx_word' id='word_1_43' title='bbox 294 1690 449 1785; x_wconf 88' lang='lat' dir='ltr'>stirpem,</span> <span class='ocrx_word' id='word_1_44' title='bbox 467 1697 501 1760; x_wconf 91' lang='lat' dir='ltr'>et</span> <span class='ocrx_word' id='word_1_45' title='bbox 516 1695 680 1760; x_wconf 90' lang='lat' dir='ltr'>tenentur</span> <span class='ocrx_word' id='word_1_46' title='bbox 697 1688 763 1785; x_wconf 90' lang='lat' dir='ltr'>ipsi</span> <span class='ocrx_word' id='word_1_47' title='bbox 782 1707 1005 1760; x_wconf 86' lang='lat' dir='ltr'>successores</span> <span class='ocrx_word' id='word_1_48' title='bbox 1024 1681 1185 1758; x_wconf 86' lang='lat' dir='ltr'>maritare</span> 
     </span>
     <span class='ocr_line' id='line_1_9' title="bbox 123 1797 1187 1902; baseline -0.004 -24"><span class='ocrx_word' id='word_1_49' title='bbox 123 1813 311 1880; x_wconf 89' lang='lat' dir='ltr'>sorores-et</span> <span class='ocrx_word' id='word_1_50' title='bbox 325 1807 539 1892; x_wconf 74' lang='lat' dir='ltr'>emitasboc</span> <span class='ocrx_word' id='word_1_51' title='bbox 556 1812 610 1878; x_wconf 86' lang='lat' dir='ltr'>est</span> <span class='ocrx_word' id='word_1_52' title='bbox 627 1805 735 1902; x_wconf 88' lang='lat' dir='ltr'>petris</span> <span class='ocrx_word' id='word_1_53' title='bbox 753 1827 902 1892; x_wconf 88' lang='lat' dir='ltr'>sorores,</span> <span class='ocrx_word' id='word_1_54' title='bbox 915 1797 1109 1877; x_wconf 89' lang='lat' dir='ltr'>secundum</span> <span class='ocrx_word' id='word_1_55' title='bbox 1128 1825 1187 1899; x_wconf 86' lang='lat' dir='ltr'>pa-</span> 
     </span>
     <span class='ocr_line' id='line_1_10' title="bbox 123 1918 1188 2020; baseline -0.004 -26"><span class='ocrx_word' id='word_1_56' title='bbox 123 1924 258 2020; x_wconf 86' lang='lat' dir='ltr'>nagium</span> <span class='ocrx_word' id='word_1_57' title='bbox 274 1922 518 1996; x_wconf 79' lang='lat' dir='ltr'>etl&#39;acultates.</span> <span class='ocrx_word' id='word_1_58' title='bbox 528 1923 595 1993; x_wconf 77' lang='lat' dir='ltr'>llas</span> <span class='ocrx_word' id='word_1_59' title='bbox 610 1931 727 1994; x_wconf 88' lang='lat' dir='ltr'>autem</span> <span class='ocrx_word' id='word_1_60' title='bbox 744 1922 828 2018; x_wconf 88' lang='lat' dir='ltr'>ipsis</span> <span class='ocrx_word' id='word_1_61' title='bbox 841 1919 1106 1994; x_wconf 89' lang='lat' dir='ltr'>successoribus</span> <span class='ocrx_word' id='word_1_62' title='bbox 1121 1918 1188 1991; x_wconf 90' lang='lat' dir='ltr'>dil-</span> 
     </span>
     <span class='ocr_line' id='line_1_11' title="bbox 121 2038 1187 2135; baseline -0.004 -21"><span class='ocrx_word' id='word_1_63' title='bbox 121 2039 318 2114; x_wconf 88' lang='lat' dir='ltr'>ierentibus</span> <span class='ocrx_word' id='word_1_64' title='bbox 336 2041 498 2112; x_wconf 88' lang='lat' dir='ltr'>maritare</span> <span class='ocrx_word' id='word_1_65' title='bbox 518 2040 690 2135; x_wconf 87' lang='lat' dir='ltr'>usquead</span> <span class='ocrx_word' id='word_1_66' title='bbox 709 2061 819 2110; x_wconf 88' lang='lat' dir='ltr'>annos</span> <span class='ocrx_word' id='word_1_67' title='bbox 838 2038 1187 2134; x_wconf 84' lang='lat' dir='ltr'>sexdecimcomple·</span> 
     </span>
     <span class='ocr_line' id='line_1_12' title="bbox 122 2155 1184 2253; baseline -0.006 -21"><span class='ocrx_word' id='word_1_68' title='bbox 122 2168 178 2232; x_wconf 89' lang='lat' dir='ltr'>tos</span> <span class='ocrx_word' id='word_1_69' title='bbox 202 2158 396 2231; x_wconf 90' lang='lat' dir='ltr'>secuudum</span> <span class='ocrx_word' id='word_1_70' title='bbox 422 2157 603 2253; x_wconf 77' lang='lat' dir='ltr'>panagium</span> <span class='ocrx_word' id='word_1_71' title='bbox 627 2162 663 2227; x_wconf 90' lang='lat' dir='ltr'>et</span> <span class='ocrx_word' id='word_1_72' title='bbox 683 2155 890 2240; x_wconf 82' lang='lat' dir='ltr'>facultates,</span> <span class='ocrx_word' id='word_1_73' title='bbox 911 2162 951 2227; x_wconf 90' lang='lat' dir='ltr'>ut</span> <span class='ocrx_word' id='word_1_74' title='bbox 968 2155 1099 2230; x_wconf 85' lang='lat' dir='ltr'>dictum</span> <span class='ocrx_word' id='word_1_75' title='bbox 1117 2163 1184 2241; x_wconf 89' lang='lat' dir='ltr'>est,</span> 
     </span>
     <span class='ocr_line' id='line_1_13' title="bbox 122 2259 1187 2371; baseline -0.005 -22"><span class='ocrx_word' id='word_1_76' title='bbox 122 2259 319 2349; x_wconf 85' lang='lat' dir='ltr'>succedunt</span> <span class='ocrx_word' id='word_1_77' title='bbox 332 2282 368 2346; x_wconf 88' lang='lat' dir='ltr'>ct</span> <span class='ocrx_word' id='word_1_78' title='bbox 384 2282 530 2371; x_wconf 90' lang='lat' dir='ltr'>possunt</span> <span class='ocrx_word' id='word_1_79' title='bbox 547 2280 663 2370; x_wconf 88' lang='lat' dir='ltr'>petere</span> <span class='ocrx_word' id='word_1_80' title='bbox 681 2272 875 2370; x_wconf 84' lang='lat' dir='ltr'>portionem</span> <span class='ocrx_word' id='word_1_81' title='bbox 895 2273 937 2343; x_wconf 92' lang='lat' dir='ltr'>de</span> <span class='ocrx_word' id='word_1_82' title='bbox 956 2273 1055 2344; x_wconf 92' lang='lat' dir='ltr'>bonis</span> <span class='ocrx_word' id='word_1_83' title='bbox 1073 2279 1187 2369; x_wconf 83' lang='lat' dir='ltr'>pater·</span> 
     </span>
     <span class='ocr_line' id='line_1_14' title="bbox 123 2389 1277 2477; baseline -0.002 -12"><span class='ocrx_word' id='word_1_84' title='bbox 123 2392 180 2465; x_wconf 89' lang='lat' dir='ltr'>nis</span> <span class='ocrx_word' id='word_1_85' title='bbox 199 2399 234 2464; x_wconf 91' lang='lat' dir='ltr'>et</span> <span class='ocrx_word' id='word_1_86' title='bbox 252 2391 420 2463; x_wconf 74' lang='lat' dir='ltr'>maternis</span> <span class='ocrx_word' id='word_1_87' title='bbox 438 2391 475 2463; x_wconf 90' lang='lat' dir='ltr'>ln</span> <span class='ocrx_word' id='word_1_88' title='bbox 492 2390 650 2477; x_wconf 86' lang='lat' dir='ltr'>virilem,</span> <span class='ocrx_word' id='word_1_89' title='bbox 671 2396 710 2462; x_wconf 92' lang='lat' dir='ltr'>ut</span> <span class='ocrx_word' id='word_1_90' title='bbox 728 2389 852 2460; x_wconf 84' lang='lat' dir='ltr'>iratres</span> <span class='ocrx_word' id='word_1_91' title='bbox 869 2396 906 2460; x_wconf 90' lang='lat' dir='ltr'>et</span> <span class='ocrx_word' id='word_1_92' title='bbox 923 2389 982 2460; x_wconf 93' lang='lat' dir='ltr'>alii</span> <span class='ocrx_word' id='word_1_93' title='bbox 1006 2413 1188 2463; x_wconf 89' lang='lat' dir='ltr'>successo·</span> <span class='ocrx_word' id='word_1_94' title='bbox 1274 2407 1277 2412; x_wconf 84' lang='lat'>&#39;</span> 
     </span>
     <span class='ocr_line' id='line_1_15' title="bbox 123 2506 1187 2605; baseline 0.002 -25"><span class='ocrx_word' id='word_1_95' title='bbox 123 2531 183 2580; x_wconf 88' lang='lat' dir='ltr'>res</span> <span class='ocrx_word' id='word_1_96' title='bbox 200 2508 381 2605; x_wconf 89' lang='lat' dir='ltr'>praedicti,</span> <span class='ocrx_word' id='word_1_97' title='bbox 398 2508 457 2602; x_wconf 93' lang='lat' dir='ltr'>qui</span> <span class='ocrx_word' id='word_1_98' title='bbox 471 2513 634 2580; x_wconf 88' lang='lat' dir='ltr'>tenentur</span> <span class='ocrx_word' id='word_1_99' title='bbox 650 2507 704 2577; x_wconf 91' lang='lat' dir='ltr'>eis</span> <span class='ocrx_word' id='word_1_100' title='bbox 719 2507 800 2578; x_wconf 90' lang='lat' dir='ltr'>dare</span> <span class='ocrx_word' id='word_1_101' title='bbox 815 2506 1009 2602; x_wconf 80' lang='lat' dir='ltr'>panagium.</span> <span class='ocrx_word' id='word_1_102' title='bbox 1025 2509 1118 2581; x_wconf 90' lang='lat' dir='ltr'>Idem</span> <span class='ocrx_word' id='word_1_103' title='bbox 1131 2511 1187 2605; x_wconf 82' lang='lat' dir='ltr'>ju-</span> 
     </span>
     <span class='ocr_line' id='line_1_16' title="bbox 123 2623 1186 2720; baseline 0.002 -23"><span class='ocrx_word' id='word_1_104' title='bbox 123 2626 173 2697; x_wconf 91' lang='lat' dir='ltr'>ris</span> <span class='ocrx_word' id='word_1_105' title='bbox 185 2632 240 2697; x_wconf 88' lang='lat' dir='ltr'>est</span> <span class='ocrx_word' id='word_1_106' title='bbox 260 2625 295 2696; x_wconf 90' lang='lat' dir='ltr'>in</span> <span class='ocrx_word' id='word_1_107' title='bbox 315 2624 500 2720; x_wconf 88' lang='lat' dir='ltr'>nepotibus</span> <span class='ocrx_word' id='word_1_108' title='bbox 519 2631 555 2695; x_wconf 89' lang='lat' dir='ltr'>et</span> <span class='ocrx_word' id='word_1_109' title='bbox 571 2624 746 2720; x_wconf 87' lang='lat' dir='ltr'>neptibus,</span> <span class='ocrx_word' id='word_1_110' title='bbox 763 2631 798 2694; x_wconf 90' lang='lat' dir='ltr'>et</span> <span class='ocrx_word' id='word_1_111' title='bbox 810 2623 889 2695; x_wconf 91' lang='lat' dir='ltr'>aliis</span> <span class='ocrx_word' id='word_1_112' title='bbox 904 2623 1024 2697; x_wconf 90' lang='lat' dir='ltr'>liberis</span> <span class='ocrx_word' id='word_1_113' title='bbox 1042 2627 1186 2699; x_wconf 89' lang='lat' dir='ltr'>descen·</span> 
     </span>
     <span class='ocr_line' id='line_1_17' title="bbox 125 2741 1187 2838; baseline 0.002 -25"><span class='ocrx_word' id='word_1_114' title='bbox 125 2742 287 2814; x_wconf 86' lang='lat' dir='ltr'>dentibus</span> <span class='ocrx_word' id='word_1_115' title='bbox 311 2743 352 2813; x_wconf 89' lang='lat' dir='ltr'>ab</span> <span class='ocrx_word' id='word_1_116' title='bbox 376 2742 503 2813; x_wconf 87' lang='lat' dir='ltr'>avis-et</span> <span class='ocrx_word' id='word_1_117' title='bbox 520 2741 675 2838; x_wconf 89' lang='lat' dir='ltr'>proavis,</span> <span class='ocrx_word' id='word_1_118' title='bbox 702 2741 788 2811; x_wconf 84' lang='lat' dir='ltr'>aviis</span> <span class='ocrx_word' id='word_1_119' title='bbox 811 2748 847 2812; x_wconf 89' lang='lat' dir='ltr'>et</span> <span class='ocrx_word' id='word_1_120' title='bbox 869 2741 1018 2837; x_wconf 88' lang='lat' dir='ltr'>proaviis</span> <span class='ocrx_word' id='word_1_121' title='bbox 1037 2743 1079 2814; x_wconf 88' lang='lat' dir='ltr'>ab</span> <span class='ocrx_word' id='word_1_122' title='bbox 1097 2744 1187 2816; x_wconf 89' lang='lat' dir='ltr'>inte·</span> 
     </span>
     <span class='ocr_line' id='line_1_18' title="bbox 124 2857 1186 2955; baseline 0.002 -24"><span class='ocrx_word' id='word_1_123' title='bbox 124 2865 216 2931; x_wconf 86' lang='lat' dir='ltr'>stato</span> <span class='ocrx_word' id='word_1_124' title='bbox 239 2859 506 2943; x_wconf 74' lang='lat' dir='ltr'>decedentibus,</span> <span class='ocrx_word' id='word_1_125' title='bbox 534 2882 604 2932; x_wconf 89' lang='lat' dir='ltr'>non</span> <span class='ocrx_word' id='word_1_126' title='bbox 629 2857 826 2930; x_wconf 82' lang='lat' dir='ltr'>extantibus</span> <span class='ocrx_word' id='word_1_127' title='bbox 845 2859 1046 2955; x_wconf 87' lang='lat' dir='ltr'>parentibus</span> <span class='ocrx_word' id='word_1_128' title='bbox 1064 2883 1186 2934; x_wconf 87' lang='lat' dir='ltr'>eorum</span> 
     </span>
     <span class='ocr_line' id='line_1_19' title="bbox 126 2975 1188 3078; baseline 0.003 -31"><span class='ocrx_word' id='word_1_129' title='bbox 126 2981 290 3073; x_wconf 87' lang='lat' dir='ltr'>nepotum</span> <span class='ocrx_word' id='word_1_130' title='bbox 310 2984 345 3046; x_wconf 89' lang='lat' dir='ltr'>et</span> <span class='ocrx_word' id='word_1_131' title='bbox 363 2984 519 3078; x_wconf 90' lang='lat' dir='ltr'>neptum,</span> <span class='ocrx_word' id='word_1_132' title='bbox 537 2997 598 3045; x_wconf 90' lang='lat' dir='ltr'>seu</span> <span class='ocrx_word' id='word_1_133' title='bbox 613 2975 842 3070; x_wconf 87' lang='lat' dir='ltr'>pronepotum</span> <span class='ocrx_word' id='word_1_134' title='bbox 861 2983 897 3046; x_wconf 89' lang='lat' dir='ltr'>et</span> <span class='ocrx_word' id='word_1_135' title='bbox 914 2982 1135 3071; x_wconf 90' lang='lat' dir='ltr'>proneptum;</span> <span class='ocrx_word' id='word_1_136' title='bbox 1152 2983 1188 3050; x_wconf 89' lang='lat' dir='ltr'>et</span> 
     </span>
     <span class='ocr_line' id='line_1_20' title="bbox 126 3077 1188 3189; baseline 0.002 -25"><span class='ocrx_word' id='word_1_137' title='bbox 126 3091 257 3177; x_wconf 88' lang='lat' dir='ltr'>omnia,</span> <span class='ocrx_word' id='word_1_138' title='bbox 277 3102 364 3186; x_wconf 81' lang='lat' dir='ltr'>quae</span> <span class='ocrx_word' id='word_1_139' title='bbox 384 3092 474 3163; x_wconf 87' lang='lat' dir='ltr'>dicta</span> <span class='ocrx_word' id='word_1_140' title='bbox 493 3097 575 3162; x_wconf 91' lang='lat' dir='ltr'>suut</span> <span class='ocrx_word' id='word_1_141' title='bbox 593 3077 641 3160; x_wconf 63' lang='lat' dir='ltr'>de‘</span> <span class='ocrx_word' id='word_1_142' title='bbox 655 3089 851 3185; x_wconf 88' lang='lat' dir='ltr'>nepotibus,</span> <span class='ocrx_word' id='word_1_143' title='bbox 873 3089 1047 3186; x_wconf 87' lang='lat' dir='ltr'>neptibus,</span> <span class='ocrx_word' id='word_1_144' title='bbox 1063 3116 1188 3189; x_wconf 91' lang='lat' dir='ltr'>prone·</span> 
     </span>
     <span class='ocr_line' id='line_1_21' title="bbox 125 3208 1186 3308; baseline 0 -26"><span class='ocrx_word' id='word_1_145' title='bbox 125 3209 265 3307; x_wconf 90' lang='lat' dir='ltr'>potibus</span> <span class='ocrx_word' id='word_1_146' title='bbox 290 3215 325 3280; x_wconf 90' lang='lat' dir='ltr'>et</span> <span class='ocrx_word' id='word_1_147' title='bbox 347 3208 588 3305; x_wconf 88' lang='lat' dir='ltr'>proneptibus,</span> <span class='ocrx_word' id='word_1_148' title='bbox 620 3217 656 3279; x_wconf 88' lang='lat' dir='ltr'>et</span> <span class='ocrx_word' id='word_1_149' title='bbox 676 3209 860 3304; x_wconf 88' lang='lat' dir='ltr'>deinceps,</span> <span class='ocrx_word' id='word_1_150' title='bbox 887 3208 1127 3308; x_wconf 85' lang='lat' dir='ltr'>intelligantur</span> <span class='ocrx_word' id='word_1_151' title='bbox 1150 3211 1186 3283; x_wconf 91' lang='lat' dir='ltr'>in</span> 
     </span>
     <span class='ocr_line' id='line_1_22' title="bbox 126 3325 674 3402; baseline 0 -6"><span class='ocrx_word' id='word_1_152' title='bbox 126 3326 417 3402; x_wconf 86' lang='lat' dir='ltr'>descendentibus</span> <span class='ocrx_word' id='word_1_153' title='bbox 436 3347 478 3396; x_wconf 81' lang='lat' dir='ltr'>es</span> <span class='ocrx_word' id='word_1_154' title='bbox 497 3325 674 3396; x_wconf 88' lang='lat' dir='ltr'>masculis.</span> 
     </span>
    </p>

    <p class='ocr_par' dir='ltr' id='par_1_6' title="bbox 109 3441 1187 4118">
     <span class='ocr_line' id='line_1_23' title="bbox 174 3441 1186 3538; baseline 0.004 -24"><span class='ocrx_word' id='word_1_155' title='bbox 174 3443 305 3538; x_wconf 89' lang='lat' dir='ltr'>Siquis</span> <span class='ocrx_word' id='word_1_156' title='bbox 328 3442 382 3517; x_wconf 89' lang='lat' dir='ltr'>vel</span> <span class='ocrx_word' id='word_1_157' title='bbox 407 3443 435 3514; x_wconf 89' lang='lat' dir='ltr'>si</span> <span class='ocrx_word' id='word_1_158' title='bbox 460 3461 528 3538; x_wconf 84' lang='lat' dir='ltr'>qua</span> <span class='ocrx_word' id='word_1_159' title='bbox 546 3443 587 3514; x_wconf 87' lang='lat' dir='ltr'>ab</span> <span class='ocrx_word' id='word_1_160' title='bbox 606 3441 770 3514; x_wconf 83' lang='lat' dir='ltr'>intestato</span> <span class='ocrx_word' id='word_1_161' title='bbox 793 3443 1003 3531; x_wconf 88' lang='lat' dir='ltr'>decesserit,</span> <span class='ocrx_word' id='word_1_162' title='bbox 1025 3445 1105 3516; x_wconf 86' lang='lat' dir='ltr'>liliis</span> <span class='ocrx_word' id='word_1_163' title='bbox 1123 3469 1186 3518; x_wconf 92' lang='lat' dir='ltr'>seu</span> 
     </span>
     <span class='ocr_line' id='line_1_24' title="bbox 125 3555 1186 3652; baseline 0.003 -22"><span class='ocrx_word' id='word_1_164' title='bbox 125 3555 246 3630; x_wconf 89' lang='lat' dir='ltr'>liberis</span> <span class='ocrx_word' id='word_1_165' title='bbox 269 3556 435 3652; x_wconf 86' lang='lat' dir='ltr'>legitimis</span> <span class='ocrx_word' id='word_1_166' title='bbox 457 3578 526 3627; x_wconf 87' lang='lat' dir='ltr'>non</span> <span class='ocrx_word' id='word_1_167' title='bbox 551 3557 766 3643; x_wconf 85' lang='lat' dir='ltr'>extantibus,</span> <span class='ocrx_word' id='word_1_168' title='bbox 792 3563 875 3628; x_wconf 89' lang='lat' dir='ltr'>tune</span> <span class='ocrx_word' id='word_1_169' title='bbox 898 3558 1125 3652; x_wconf 87' lang='lat' dir='ltr'>proximiores</span> <span class='ocrx_word' id='word_1_170' title='bbox 1144 3584 1186 3633; x_wconf 85' lang='lat' dir='ltr'>ex</span> 
     </span>
     <span class='ocr_line' id='line_1_25' title="bbox 125 3671 1187 3771; baseline 0.003 -27"><span class='ocrx_word' id='word_1_171' title='bbox 125 3681 223 3771; x_wconf 88' lang='lat' dir='ltr'>parte</span> <span class='ocrx_word' id='word_1_172' title='bbox 238 3672 345 3768; x_wconf 87' lang='lat' dir='ltr'>patris</span> <span class='ocrx_word' id='word_1_173' title='bbox 358 3672 553 3745; x_wconf 89' lang='lat' dir='ltr'>succedunt</span> <span class='ocrx_word' id='word_1_174' title='bbox 566 3672 601 3744; x_wconf 95' lang='lat' dir='ltr'>in</span> <span class='ocrx_word' id='word_1_175' title='bbox 615 3671 716 3744; x_wconf 89' lang='lat' dir='ltr'>bonis</span> <span class='ocrx_word' id='word_1_176' title='bbox 732 3672 892 3769; x_wconf 80' lang='lat' dir='ltr'>omnibus</span> <span class='ocrx_word' id='word_1_177' title='bbox 905 3673 1075 3760; x_wconf 88' lang='lat' dir='ltr'>defuncti,</span> <span class='ocrx_word' id='word_1_178' title='bbox 1089 3701 1187 3770; x_wconf 83' lang='lat' dir='ltr'>prae-</span> 
     </span>
     <span class='ocr_line' id='line_1_26' title="bbox 126 3789 1185 3884; baseline 0.002 -22"><span class='ocrx_word' id='word_1_179' title='bbox 126 3799 287 3884; x_wconf 88' lang='lat' dir='ltr'>terquam</span> <span class='ocrx_word' id='word_1_180' title='bbox 311 3789 346 3860; x_wconf 91' lang='lat' dir='ltr'>in</span> <span class='ocrx_word' id='word_1_181' title='bbox 368 3789 489 3876; x_wconf 87' lang='lat' dir='ltr'>bonis,</span> <span class='ocrx_word' id='word_1_182' title='bbox 510 3812 598 3884; x_wconf 89' lang='lat' dir='ltr'>quae</span> <span class='ocrx_word' id='word_1_183' title='bbox 623 3789 840 3863; x_wconf 88' lang='lat' dir='ltr'>obvenerunt</span> <span class='ocrx_word' id='word_1_184' title='bbox 863 3790 956 3862; x_wconf 90' lang='lat' dir='ltr'>dieto</span> <span class='ocrx_word' id='word_1_185' title='bbox 975 3791 1185 3864; x_wconf 79' lang='lat' dir='ltr'>defunctos</span> 
     </span>
     <span class='ocr_line' id='line_1_27' title="bbox 127 3905 1187 4003; baseline 0.001 -24"><span class='ocrx_word' id='word_1_186' title='bbox 127 3915 237 3979; x_wconf 87' lang='lat' dir='ltr'>matra</span> <span class='ocrx_word' id='word_1_187' title='bbox 262 3905 318 3980; x_wconf 86' lang='lat' dir='ltr'>vel</span> <span class='ocrx_word' id='word_1_188' title='bbox 343 3906 459 4001; x_wconf 88' lang='lat' dir='ltr'>aliquo</span> <span class='ocrx_word' id='word_1_189' title='bbox 483 3929 525 3976; x_wconf 86' lang='lat' dir='ltr'>ex</span> <span class='ocrx_word' id='word_1_190' title='bbox 550 3907 641 3978; x_wconf 90' lang='lat' dir='ltr'>linea</span> <span class='ocrx_word' id='word_1_191' title='bbox 667 3915 841 3995; x_wconf 88' lang='lat' dir='ltr'>materna,</span> <span class='ocrx_word' id='word_1_192' title='bbox 862 3908 897 3979; x_wconf 91' lang='lat' dir='ltr'>in</span> <span class='ocrx_word' id='word_1_193' title='bbox 920 3908 1046 4002; x_wconf 87' lang='lat' dir='ltr'>quibus</span> <span class='ocrx_word' id='word_1_194' title='bbox 1067 3910 1187 4003; x_wconf 84' lang='lat' dir='ltr'>prosi·</span> 
     </span>
     <span class='ocr_line' id='line_1_28' title="bbox 109 4023 1186 4118; baseline 0.005 -22"><span class='ocrx_word' id='word_1_195' title='bbox 109 4026 256 4106; x_wconf 67' lang='lat' dir='ltr'>‚micres</span> <span class='ocrx_word' id='word_1_196' title='bbox 275 4046 317 4098; x_wconf 81' lang='lat' dir='ltr'>ex</span> <span class='ocrx_word' id='word_1_197' title='bbox 333 4033 431 4118; x_wconf 85' lang='lat' dir='ltr'>parte</span> <span class='ocrx_word' id='word_1_198' title='bbox 455 4023 574 4097; x_wconf 87' lang='lat' dir='ltr'>matris</span> <span class='ocrx_word' id='word_1_199' title='bbox 597 4027 812 4096; x_wconf 83' lang='lat' dir='ltr'>succedunt·</span> <span class='ocrx_word' id='word_1_200' title='bbox 825 4024 891 4098; x_wconf 88' lang='lat' dir='ltr'>Sed</span> <span class='ocrx_word' id='word_1_201' title='bbox 911 4027 940 4096; x_wconf 89' lang='lat' dir='ltr'>si</span> <span class='ocrx_word' id='word_1_202' title='bbox 959 4026 1119 4098; x_wconf 90' lang='lat' dir='ltr'>morienti</span> <span class='ocrx_word' id='word_1_203' title='bbox 1145 4030 1186 4101; x_wconf 87' lang='lat' dir='ltr'>ab</span> 
     </span>
    </p>
   </div>
   <div class='ocr_carea' id='block_1_6' title="bbox 128 4142 1183 4301">
    <p class='ocr_par' dir='ltr' id='par_1_7' title="bbox 128 4142 1183 4301">
     <span class='ocr_line' id='line_1_29' title="bbox 128 4142 1183 4241; baseline 0.002 -25"><span class='ocrx_word' id='word_1_204' title='bbox 128 4143 292 4240; x_wconf 84' lang='lat' dir='ltr'>intestato</span> <span class='ocrx_word' id='word_1_205' title='bbox 321 4142 452 4240; x_wconf 83' lang='lat' dir='ltr'>absque</span> <span class='ocrx_word' id='word_1_206' title='bbox 484 4142 604 4217; x_wconf 90' lang='lat' dir='ltr'>liberis</span> <span class='ocrx_word' id='word_1_207' title='bbox 626 4151 815 4241; x_wconf 78' lang='lat' dir='ltr'>supersunt]</span> <span class='ocrx_word' id='word_1_208' title='bbox 833 4144 938 4218; x_wconf 86' lang='lat' dir='ltr'>frater</span> <span class='ocrx_word' id='word_1_209' title='bbox 961 4167 1024 4217; x_wconf 90' lang='lat' dir='ltr'>seu</span> <span class='ocrx_word' id='word_1_210' title='bbox 1048 4145 1183 4233; x_wconf 85' lang='lat' dir='ltr'>iratres,</span> 
     </span>
     <span class='ocr_line' id='line_1_30' title="bbox 923 4259 944 4301; baseline 0 0"><span class='ocrx_word' id='word_1_211' title='bbox 923 4259 944 4301; x_wconf 72' lang='lat' dir='ltr'>⁷ll‘</span> 
     </span>
    </p>
   </div>
   <div class='ocr_carea' id='block_1_7' title="bbox 0 0 1562 5214">
    <p class='ocr_par' dir='ltr' id='par_1_8' title="bbox 0 0 1562 5214">
     <span class='ocr_line' id='line_1_31' title="bbox 0 0 1562 5214; baseline 0 0"><span class='ocrx_word' id='word_1_212' title='bbox 0 0 1562 5214; x_wconf 95' lang='lat' dir='ltr'> </span> 
     </span>
    </p>
   </div>
  </div>
 </body>
</html>
