<?xml version="1.0" encoding="UTF-8"?>
<!DOCTYPE html PUBLIC "-//W3C//DTD XHTML 1.0 Transitional//EN"
    "http://www.w3.org/TR/xhtml1/DTD/xhtml1-transitional.dtd">
<html xmlns="http://www.w3.org/1999/xhtml" xml:lang="en" lang="en">
 <head>
  <title>
</title>
<meta http-equiv="Content-Type" content="text/html;charset=utf-8" />
  <meta name='ocr-system' content='tesseract 3.04.00' />
  <meta name='ocr-capabilities' content='ocr_page ocr_carea ocr_par ocr_line ocrx_word'/>
</head>
<body>
  <div class='ocr_page' id='page_1' title='image "./leconsuetudinid00volpgoog_0124.png"; bbox 0 0 3098 5218; ppageno 0'>
   <div class='ocr_carea' id='block_1_1' title="bbox 613 463 813 536">
    <p class='ocr_par' dir='ltr' id='par_1_1' title="bbox 613 463 813 536">
     <span class='ocr_line' id='line_1_1' title="bbox 613 463 813 536; baseline 0.005 -1"><span class='ocrx_word' id='word_1_1' title='bbox 613 463 813 536; x_wconf 55' lang='lat' dir='ltr'><strong><em>*iib-</em></strong></span> 
     </span>
    </p>
   </div>
   <div class='ocr_carea' id='block_1_2' title="bbox 146 601 1264 2461">
    <p class='ocr_par' dir='ltr' id='par_1_2' title="bbox 146 601 1264 2461">
     <span class='ocr_line' id='line_1_2' title="bbox 178 601 1264 700; baseline -0.001 -23"><span class='ocrx_word' id='word_1_2' title='bbox 178 605 259 677; x_wconf 89' lang='lat' dir='ltr'><strong><em>bene</em></strong></span> <span class='ocrx_word' id='word_1_3' title='bbox 278 603 511 676; x_wconf 85' lang='lat' dir='ltr'><strong><em>enitimntibus</em></strong></span> <span class='ocrx_word' id='word_1_4' title='bbox 532 605 639 675; x_wconf 77' lang='lat' dir='ltr'><strong><em>bessi</em></strong></span> <span class='ocrx_word' id='word_1_5' title='bbox 658 622 833 700; x_wconf 85' lang='lat' dir='ltr'><strong><em>espnessa:</em></strong></span> <span class='ocrx_word' id='word_1_6' title='bbox 856 601 936 674; x_wconf 84' lang='lat' dir='ltr'><strong><em>Itum</em></strong></span> <span class='ocrx_word' id='word_1_7' title='bbox 947 607 1124 676; x_wconf 88' lang='lat' dir='ltr'><strong><em>statuimus</em></strong></span> <span class='ocrx_word' id='word_1_8' title='bbox 1137 613 1169 678; x_wconf 93' lang='lat' dir='ltr'><strong><em>et</em></strong></span> <span class='ocrx_word' id='word_1_9' title='bbox 1186 628 1239 676; x_wconf 83' lang='lat' dir='ltr'><strong><em>or·</em></strong></span> <span class='ocrx_word' id='word_1_10' title='bbox 1261 621 1264 630; x_wconf 84' lang='lat'><em>·</em></span> 
     </span>
     <span class='ocr_line' id='line_1_3' title="bbox 176 721 1239 814; baseline 0 -22"><span class='ocrx_word' id='word_1_11' title='bbox 176 723 331 793; x_wconf 86' lang='lat' dir='ltr'><strong><em>dinamus</em></strong></span> <span class='ocrx_word' id='word_1_12' title='bbox 351 742 413 814; x_wconf 83' lang='lat' dir='ltr'><strong><em>pra</em></strong></span> <span class='ocrx_word' id='word_1_13' title='bbox 435 723 682 792; x_wconf 75' lang='lat' dir='ltr'><strong><em>conservatione</em></strong></span> <span class='ocrx_word' id='word_1_14' title='bbox 704 729 736 791; x_wconf 86' lang='lat' dir='ltr'><strong><em>at</em></strong></span> <span class='ocrx_word' id='word_1_15' title='bbox 751 721 1000 790; x_wconf 87' lang='lat' dir='ltr'><strong><em>manutentione</em></strong></span> <span class='ocrx_word' id='word_1_16' title='bbox 1016 722 1190 794; x_wconf 86' lang='lat' dir='ltr'><strong><em>uinearum</em></strong></span> <span class='ocrx_word' id='word_1_17' title='bbox 1207 731 1239 793; x_wconf 88' lang='lat' dir='ltr'><strong><em>et</em></strong></span> 
     </span>
     <span class='ocr_line' id='line_1_4' title="bbox 177 834 1239 930; baseline 0.002 -22"><span class='ocrx_word' id='word_1_18' title='bbox 177 837 324 920; x_wconf 81' lang='lat' dir='ltr'><strong><em>aliarum</em></strong></span> <span class='ocrx_word' id='word_1_19' title='bbox 347 839 589 930; x_wconf 81' lang='lat' dir='ltr'><strong><em>possessionum</em></strong></span> <span class='ocrx_word' id='word_1_20' title='bbox 613 838 827 908; x_wconf 76' lang='lat' dir='ltr'><strong><em>assistentium</em></strong></span> <span class='ocrx_word' id='word_1_21' title='bbox 855 837 893 906; x_wconf 90' lang='lat' dir='ltr'><strong><em>in</em></strong></span> <span class='ocrx_word' id='word_1_22' title='bbox 919 837 1084 908; x_wconf 87' lang='lat' dir='ltr'><strong><em>territorio</em></strong></span> <span class='ocrx_word' id='word_1_23' title='bbox 1107 834 1239 910; x_wconf 81' lang='lat' dir='ltr'><strong><em>Funde·</em></strong></span> 
     </span>
     <span class='ocr_line' id='line_1_5' title="bbox 175 941 1237 1050; baseline 0.001 -25"><span class='ocrx_word' id='word_1_24' title='bbox 175 977 268 1038; x_wconf 88' lang='lat' dir='ltr'><strong><em>rum,</em></strong></span> <span class='ocrx_word' id='word_1_25' title='bbox 289 941 386 1048; x_wconf 74' lang='lat' dir='ltr'><strong><em>anob</em></strong></span> <span class='ocrx_word' id='word_1_26' title='bbox 414 957 674 1050; x_wconf 74' lang='lat' dir='ltr'><strong><em>quotiescumque</em></strong></span> <span class='ocrx_word' id='word_1_27' title='bbox 702 955 873 1048; x_wconf 64' lang='lat' dir='ltr'><strong><em>continuant</em></strong></span> <span class='ocrx_word' id='word_1_28' title='bbox 901 953 1049 1047; x_wconf 81' lang='lat' dir='ltr'><strong><em>aliquem</em></strong></span> <span class='ocrx_word' id='word_1_29' title='bbox 1072 954 1237 1039; x_wconf 76' lang='lat' dir='ltr'><strong><em>iubarum,</em></strong></span> 
     </span>
     <span class='ocr_line' id='line_1_6' title="bbox 175 1056 1240 1166; baseline 0.005 -25"><span class='ocrx_word' id='word_1_30' title='bbox 175 1093 233 1142; x_wconf 91' lang='lat' dir='ltr'><strong><em>seu</em></strong></span> <span class='ocrx_word' id='word_1_31' title='bbox 257 1074 295 1142; x_wconf 90' lang='lat' dir='ltr'><strong><em>iu</em></strong></span> <span class='ocrx_word' id='word_1_32' title='bbox 320 1071 514 1146; x_wconf 84' lang='lat' dir='ltr'><strong><em>lunationem</em></strong></span> <span class='ocrx_word' id='word_1_33' title='bbox 538 1073 588 1146; x_wconf 86' lang='lat' dir='ltr'><strong><em>reb</em></strong></span> <span class='ocrx_word' id='word_1_34' title='bbox 614 1076 652 1146; x_wconf 91' lang='lat' dir='ltr'><strong><em>iu</em></strong></span> <span class='ocrx_word' id='word_1_35' title='bbox 677 1056 862 1156; x_wconf 87' lang='lat' dir='ltr'><strong><em>eutubeum,</em></strong></span> <span class='ocrx_word' id='word_1_36' title='bbox 889 1080 949 1142; x_wconf 91' lang='lat' dir='ltr'><strong><em>aut</em></strong></span> <span class='ocrx_word' id='word_1_37' title='bbox 965 1071 1052 1143; x_wconf 86' lang='lat' dir='ltr'><strong><em>nlius</em></strong></span> <span class='ocrx_word' id='word_1_38' title='bbox 1068 1074 1240 1166; x_wconf 82' lang='lat' dir='ltr'><strong><em>quomado·</em></strong></span> 
     </span>
     <span class='ocr_line' id='line_1_7' title="bbox 174 1191 1238 1285; baseline 0.003 -26"><span class='ocrx_word' id='word_1_39' title='bbox 174 1211 313 1283; x_wconf 83' lang='lat' dir='ltr'><strong><em>numqua</em></strong></span> <span class='ocrx_word' id='word_1_40' title='bbox 338 1191 382 1262; x_wconf 80' lang='lat' dir='ltr'><strong><em>ab</em></strong></span> <span class='ocrx_word' id='word_1_41' title='bbox 405 1192 571 1264; x_wconf 84' lang='lat' dir='ltr'><strong><em>redditum</em></strong></span> <span class='ocrx_word' id='word_1_42' title='bbox 596 1200 708 1264; x_wconf 88' lang='lat' dir='ltr'><strong><em>tenere</em></strong></span> <span class='ocrx_word' id='word_1_43' title='bbox 726 1191 873 1285; x_wconf 81' lang='lat' dir='ltr'><strong><em>utiquam</em></strong></span> <span class='ocrx_word' id='word_1_44' title='bbox 889 1192 1020 1262; x_wconf 84' lang='lat' dir='ltr'><strong><em>niueum</em></strong></span> <span class='ocrx_word' id='word_1_45' title='bbox 1038 1213 1097 1262; x_wconf 89' lang='lat' dir='ltr'><strong><em>seu</em></strong></span> <span class='ocrx_word' id='word_1_46' title='bbox 1109 1214 1238 1285; x_wconf 82' lang='lat' dir='ltr'><strong><em>passus-</em></strong></span> 
     </span>
     <span class='ocr_line' id='line_1_8' title="bbox 173 1309 1237 1404; baseline 0.005 -27"><span class='ocrx_word' id='word_1_47' title='bbox 173 1309 299 1379; x_wconf 86' lang='lat' dir='ltr'><strong><em>sionem</em></strong></span> <span class='ocrx_word' id='word_1_48' title='bbox 322 1309 465 1404; x_wconf 82' lang='lat' dir='ltr'><strong><em>alicujus</em></strong></span> <span class='ocrx_word' id='word_1_49' title='bbox 489 1313 570 1382; x_wconf 88' lang='lat' dir='ltr'><strong><em>airis</em></strong></span> <span class='ocrx_word' id='word_1_50' title='bbox 591 1309 799 1394; x_wconf 76' lang='lat' dir='ltr'><strong><em>Fundanum,</em></strong></span> <span class='ocrx_word' id='word_1_51' title='bbox 825 1318 858 1380; x_wconf 93' lang='lat' dir='ltr'><strong><em>et</em></strong></span> <span class='ocrx_word' id='word_1_52' title='bbox 880 1331 957 1381; x_wconf 86' lang='lat' dir='ltr'><strong><em>uon.</em></strong></span> <span class='ocrx_word' id='word_1_53' title='bbox 970 1309 1155 1397; x_wconf 78' lang='lat' dir='ltr'><strong><em>laboraret,</em></strong></span> <span class='ocrx_word' id='word_1_54' title='bbox 1179 1333 1237 1382; x_wconf 89' lang='lat' dir='ltr'><strong><em>seu</em></strong></span> 
     </span>
     <span class='ocr_line' id='line_1_9' title="bbox 173 1425 1236 1524; baseline 0.005 -29"><span class='ocrx_word' id='word_1_55' title='bbox 173 1425 359 1514; x_wconf 87' lang='lat' dir='ltr'><strong><em>eubtiuaret,</em></strong></span> <span class='ocrx_word' id='word_1_56' title='bbox 379 1429 506 1524; x_wconf 82' lang='lat' dir='ltr'><strong><em>[aderet</em></strong></span> <span class='ocrx_word' id='word_1_57' title='bbox 522 1436 581 1501; x_wconf 91' lang='lat' dir='ltr'><strong><em>aut</em></strong></span> <span class='ocrx_word' id='word_1_58' title='bbox 599 1429 797 1524; x_wconf 70' lang='lat' dir='ltr'><strong><em>biuouiuaret</em></strong></span> <span class='ocrx_word' id='word_1_59' title='bbox 810 1431 915 1521; x_wconf 84' lang='lat' dir='ltr'><strong><em>ipsum</em></strong></span> <span class='ocrx_word' id='word_1_60' title='bbox 929 1429 973 1500; x_wconf 84' lang='lat' dir='ltr'><strong><em>ad</em></strong></span> <span class='ocrx_word' id='word_1_61' title='bbox 984 1451 1081 1500; x_wconf 91' lang='lat' dir='ltr'><strong><em>usum</em></strong></span> <span class='ocrx_word' id='word_1_62' title='bbox 1094 1429 1170 1500; x_wconf 90' lang='lat' dir='ltr'><strong><em>bani</em></strong></span> <span class='ocrx_word' id='word_1_63' title='bbox 1187 1430 1236 1500; x_wconf 88' lang='lat' dir='ltr'><strong><em>ba·</em></strong></span> 
     </span>
     <span class='ocr_line' id='line_1_10' title="bbox 174 1542 1235 1642; baseline 0.004 -29"><span class='ocrx_word' id='word_1_64' title='bbox 174 1542 335 1617; x_wconf 88' lang='lat' dir='ltr'><strong><em>borotoris</em></strong></span> <span class='ocrx_word' id='word_1_65' title='bbox 360 1550 548 1632; x_wconf 76' lang='lat' dir='ltr'><strong><em>aunuatim,</em></strong></span> <span class='ocrx_word' id='word_1_66' title='bbox 577 1571 635 1620; x_wconf 89' lang='lat' dir='ltr'><strong><em>seu</em></strong></span> <span class='ocrx_word' id='word_1_67' title='bbox 660 1548 784 1642; x_wconf 84' lang='lat' dir='ltr'><strong><em>quaties</em></strong></span> <span class='ocrx_word' id='word_1_68' title='bbox 809 1567 888 1640; x_wconf 77' lang='lat' dir='ltr'><strong><em>apres</em></strong></span> <span class='ocrx_word' id='word_1_69' title='bbox 911 1547 1017 1641; x_wconf 74' lang='lat' dir='ltr'><strong><em>[uerit</em></strong></span> <span class='ocrx_word' id='word_1_70' title='bbox 1039 1545 1235 1640; x_wconf 82' lang='lat' dir='ltr'><strong><em>temporibus</em></strong></span> 
     </span>
     <span class='ocr_line' id='line_1_11' title="bbox 172 1658 1236 1758; baseline 0.003 -27"><span class='ocrx_word' id='word_1_71' title='bbox 172 1658 307 1747; x_wconf 83' lang='lat' dir='ltr'><strong><em>debitis,</em></strong></span> <span class='ocrx_word' id='word_1_72' title='bbox 323 1664 407 1755; x_wconf 80' lang='lat' dir='ltr'><strong><em>quari</em></strong></span> <span class='ocrx_word' id='word_1_73' title='bbox 426 1662 527 1735; x_wconf 81' lang='lat' dir='ltr'><strong><em>lineat</em></strong></span> <span class='ocrx_word' id='word_1_74' title='bbox 543 1665 672 1736; x_wconf 76' lang='lat' dir='ltr'><strong><em>daunino</em></strong></span> <span class='ocrx_word' id='word_1_75' title='bbox 690 1687 747 1736; x_wconf 91' lang='lat' dir='ltr'><strong><em>seu</em></strong></span> <span class='ocrx_word' id='word_1_76' title='bbox 760 1675 902 1758; x_wconf 82' lang='lat' dir='ltr'><strong><em>patrono</em></strong></span> <span class='ocrx_word' id='word_1_77' title='bbox 920 1664 1029 1734; x_wconf 83' lang='lat' dir='ltr'><strong><em>biotae</em></strong></span> <span class='ocrx_word' id='word_1_78' title='bbox 1045 1665 1161 1735; x_wconf 86' lang='lat' dir='ltr'><strong><em>uineae</em></strong></span> <span class='ocrx_word' id='word_1_79' title='bbox 1176 1673 1236 1734; x_wconf 90' lang='lat' dir='ltr'><strong><em>aut</em></strong></span> 
     </span>
     <span class='ocr_line' id='line_1_12' title="bbox 168 1779 1235 1877; baseline 0.002 -29"><span class='ocrx_word' id='word_1_80' title='bbox 168 1783 384 1872; x_wconf 76' lang='lat' dir='ltr'><strong><em>possessionis</em></strong></span> <span class='ocrx_word' id='word_1_81' title='bbox 401 1784 533 1852; x_wconf 88' lang='lat' dir='ltr'><strong><em>niueam</em></strong></span> <span class='ocrx_word' id='word_1_82' title='bbox 545 1785 651 1877; x_wconf 82' lang='lat' dir='ltr'><strong><em>ipsam</em></strong></span> <span class='ocrx_word' id='word_1_83' title='bbox 666 1793 724 1855; x_wconf 93' lang='lat' dir='ltr'><strong><em>aut</em></strong></span> <span class='ocrx_word' id='word_1_84' title='bbox 732 1784 969 1877; x_wconf 83' lang='lat' dir='ltr'><strong><em>possessiouem</em></strong></span> <span class='ocrx_word' id='word_1_85' title='bbox 982 1803 1056 1852; x_wconf 88' lang='lat' dir='ltr'><strong><em>aum</em></strong></span> <span class='ocrx_word' id='word_1_86' title='bbox 1069 1779 1235 1876; x_wconf 78' lang='lat' dir='ltr'><strong><em>fructibus</em></strong></span> 
     </span>
     <span class='ocr_line' id='line_1_13' title="bbox 172 1889 1235 1993; baseline 0 -26"><span class='ocrx_word' id='word_1_87' title='bbox 172 1896 291 1968; x_wconf 84' lang='lat' dir='ltr'><strong><em>ibidem</em></strong></span> <span class='ocrx_word' id='word_1_88' title='bbox 314 1898 534 1991; x_wconf 83' lang='lat' dir='ltr'><strong><em>pendentibus</em></strong></span> <span class='ocrx_word' id='word_1_89' title='bbox 558 1902 625 1970; x_wconf 84' lang='lat' dir='ltr'><strong><em>siue</em></strong></span> <span class='ocrx_word' id='word_1_90' title='bbox 650 1900 868 1971; x_wconf 78' lang='lat' dir='ltr'><strong><em>assistentibus</em></strong></span> <span class='ocrx_word' id='word_1_91' title='bbox 891 1889 1159 1993; x_wconf 82' lang='lat' dir='ltr'><strong><em>qreendbeumque</em></strong></span> <span class='ocrx_word' id='word_1_92' title='bbox 1176 1905 1235 1968; x_wconf 88' lang='lat' dir='ltr'><strong><em>aut</em></strong></span> 
     </span>
     <span class='ocr_line' id='line_1_14' title="bbox 170 2015 1232 2110; baseline 0.002 -26"><span class='ocrx_word' id='word_1_93' title='bbox 170 2015 431 2107; x_wconf 81' lang='lat' dir='ltr'><strong><em>quotiescumque</em></strong></span> <span class='ocrx_word' id='word_1_94' title='bbox 447 2015 587 2088; x_wconf 85' lang='lat' dir='ltr'><strong><em>valuerit</em></strong></span> <span class='ocrx_word' id='word_1_95' title='bbox 599 2019 739 2110; x_wconf 84' lang='lat' dir='ltr'><strong><em>propria</em></strong></span> <span class='ocrx_word' id='word_1_96' title='bbox 754 2019 951 2089; x_wconf 82' lang='lat' dir='ltr'><strong><em>austeritate</em></strong></span> <span class='ocrx_word' id='word_1_97' title='bbox 965 2017 1114 2108; x_wconf 81' lang='lat' dir='ltr'><strong><em>auoipere</em></strong></span> <span class='ocrx_word' id='word_1_98' title='bbox 1126 2023 1158 2086; x_wconf 92' lang='lat' dir='ltr'><strong><em>et</em></strong></span> <span class='ocrx_word' id='word_1_99' title='bbox 1171 2037 1232 2086; x_wconf 89' lang='lat' dir='ltr'><strong><em>au-</em></strong></span> 
     </span>
     <span class='ocr_line' id='line_1_15' title="bbox 146 2130 1231 2225; baseline 0 -25"><span class='ocrx_word' id='word_1_100' title='bbox 146 2149 155 2156; x_wconf 77' lang='grc'><strong>’</strong></span> <span class='ocrx_word' id='word_1_101' title='bbox 169 2130 272 2225; x_wconf 82' lang='lat' dir='ltr'><strong><em>serre,</em></strong></span> <span class='ocrx_word' id='word_1_102' title='bbox 293 2131 361 2201; x_wconf 88' lang='lat' dir='ltr'><strong><em>nisi</em></strong></span> <span class='ocrx_word' id='word_1_103' title='bbox 377 2131 455 2202; x_wconf 85' lang='lat' dir='ltr'><strong><em>tubis</em></strong></span> <span class='ocrx_word' id='word_1_104' title='bbox 472 2132 657 2218; x_wconf 83' lang='lat' dir='ltr'><strong><em>laborator,</em></strong></span> <span class='ocrx_word' id='word_1_105' title='bbox 677 2156 736 2204; x_wconf 90' lang='lat' dir='ltr'><strong><em>seu</em></strong></span> <span class='ocrx_word' id='word_1_106' title='bbox 752 2133 962 2216; x_wconf 85' lang='lat' dir='ltr'><strong><em>eutabberius,</em></strong></span> <span class='ocrx_word' id='word_1_107' title='bbox 982 2132 1033 2203; x_wconf 83' lang='lat' dir='ltr'><strong><em>uei</em></strong></span> <span class='ocrx_word' id='word_1_108' title='bbox 1049 2132 1231 2202; x_wconf 85' lang='lat' dir='ltr'><strong><em>baeaturius</em></strong></span> 
     </span>
     <span class='ocr_line' id='line_1_16' title="bbox 170 2245 1234 2344; baseline 0 -28"><span class='ocrx_word' id='word_1_109' title='bbox 170 2267 216 2316; x_wconf 82' lang='lat' dir='ltr'><strong><em>eu</em></strong></span> <span class='ocrx_word' id='word_1_110' title='bbox 231 2248 327 2340; x_wconf 82' lang='lat' dir='ltr'><strong><em>justu</em></strong></span> <span class='ocrx_word' id='word_1_111' title='bbox 348 2269 452 2318; x_wconf 90' lang='lat' dir='ltr'><strong><em>eausa</em></strong></span> <span class='ocrx_word' id='word_1_112' title='bbox 474 2249 648 2341; x_wconf 82' lang='lat' dir='ltr'><strong><em>impeditus</em></strong></span> <span class='ocrx_word' id='word_1_113' title='bbox 669 2249 807 2344; x_wconf 69' lang='lat' dir='ltr'><strong><em>sanson</em></strong></span> <span class='ocrx_word' id='word_1_114' title='bbox 829 2257 861 2320; x_wconf 91' lang='lat' dir='ltr'><strong><em>et</em></strong></span> <span class='ocrx_word' id='word_1_115' title='bbox 880 2247 972 2320; x_wconf 87' lang='lat' dir='ltr'><strong><em>ubtru</em></strong></span> <span class='ocrx_word' id='word_1_116' title='bbox 990 2247 1070 2318; x_wconf 90' lang='lat' dir='ltr'><strong><em>baee</em></strong></span> <span class='ocrx_word' id='word_1_117' title='bbox 1087 2245 1131 2317; x_wconf 84' lang='lat' dir='ltr'><strong><em>ab</em></strong></span> <span class='ocrx_word' id='word_1_118' title='bbox 1147 2247 1234 2316; x_wconf 85' lang='lat' dir='ltr'><strong><em>iute-</em></strong></span> 
     </span>
     <span class='ocr_line' id='line_1_17' title="bbox 169 2367 1229 2461; baseline -0.001 -27"><span class='ocrx_word' id='word_1_119' title='bbox 169 2373 268 2436; x_wconf 89' lang='lat' dir='ltr'><strong><em>resse&#39;</em></strong></span> <span class='ocrx_word' id='word_1_120' title='bbox 279 2387 416 2458; x_wconf 82' lang='lat' dir='ltr'><strong><em>passum</em></strong></span> <span class='ocrx_word' id='word_1_121' title='bbox 433 2374 465 2437; x_wconf 86' lang='lat' dir='ltr'><strong><em>et</em></strong></span> <span class='ocrx_word' id='word_1_122' title='bbox 480 2367 674 2461; x_wconf 78' lang='lat' dir='ltr'><strong><em>patiendum</em></strong></span> <span class='ocrx_word' id='word_1_123' title='bbox 687 2367 818 2439; x_wconf 85' lang='lat' dir='ltr'><strong><em>domina</em></strong></span> <span class='ocrx_word' id='word_1_124' title='bbox 833 2387 891 2438; x_wconf 87' lang='lat' dir='ltr'><strong><em>seu</em></strong></span> <span class='ocrx_word' id='word_1_125' title='bbox 904 2374 1046 2460; x_wconf 85' lang='lat' dir='ltr'><strong><em>patrona</em></strong></span> <span class='ocrx_word' id='word_1_126' title='bbox 1063 2373 1229 2438; x_wconf 88' lang='lat' dir='ltr'><strong><em>teneatur.</em></strong></span> 
     </span>
    </p>
   </div>
   <div class='ocr_carea' id='block_1_3' title="bbox 72 2586 1292 3281">
    <p class='ocr_par' dir='ltr' id='par_1_3' title="bbox 72 2586 1292 3281">
     <span class='ocr_line' id='line_1_18' title="bbox 72 2586 1230 2698; baseline -0.003 -27"><span class='ocrx_word' id='word_1_127' title='bbox 72 2586 80 2598; x_wconf 55' lang='lat'><strong>¹</strong></span> <span class='ocrx_word' id='word_1_128' title='bbox 216 2599 273 2694; x_wconf 80' lang='lat'><strong><em>50)</em></strong></span> <span class='ocrx_word' id='word_1_129' title='bbox 292 2600 330 2674; x_wconf 88' lang='grc' dir='ltr'><strong><em>Ρ.</em></strong></span> <span class='ocrx_word' id='word_1_130' title='bbox 347 2603 404 2674; x_wconf 75' lang='lat'><strong><em>73.</em></strong></span> <span class='ocrx_word' id='word_1_131' title='bbox 422 2587 455 2675; x_wconf 51' lang='grc' dir='ltr'><strong><em>νζ</em></strong></span> <span class='ocrx_word' id='word_1_132' title='bbox 473 2601 508 2674; x_wconf 91' lang='grc'><strong><em>3.</em></strong></span> <span class='ocrx_word' id='word_1_133' title='bbox 532 2600 596 2698; x_wconf 84' lang='lat' dir='ltr'><strong><em>(Do</em></strong></span> <span class='ocrx_word' id='word_1_134' title='bbox 606 2604 686 2696; x_wconf 80' lang='lat' dir='ltr'><strong><em>jaare</em></strong></span> <span class='ocrx_word' id='word_1_135' title='bbox 702 2601 933 2696; x_wconf 81' lang='lat' dir='ltr'><strong><em>patrimoniali</em></strong></span> <span class='ocrx_word' id='word_1_136' title='bbox 950 2608 1053 2694; x_wconf 86' lang='lat' dir='ltr'><strong><em>empto</em></strong></span> <span class='ocrx_word' id='word_1_137' title='bbox 1066 2599 1107 2671; x_wconf 91' lang='lat' dir='ltr'><strong><em>ab</em></strong></span> <span class='ocrx_word' id='word_1_138' title='bbox 1120 2598 1230 2691; x_wconf 84' lang='lat' dir='ltr'><strong><em>atiquo</em></strong></span> 
     </span>
     <span class='ocr_line' id='line_1_19' title="bbox 170 2717 1229 2810; baseline -0.004 -22"><span class='ocrx_word' id='word_1_139' title='bbox 170 2717 316 2810; x_wconf 84' lang='lat' dir='ltr'><strong><em>bomine)</em></strong></span> <span class='ocrx_word' id='word_1_140' title='bbox 333 2718 434 2790; x_wconf 85' lang='lat' dir='ltr'><strong><em>—Le</em></strong></span> <span class='ocrx_word' id='word_1_141' title='bbox 454 2719 707 2791; x_wconf 69' lang='lat' dir='ltr'><strong><em>consuetudini</em></strong></span> <span class='ocrx_word' id='word_1_142' title='bbox 727 2719 760 2790; x_wconf 92' lang='lat' dir='ltr'><strong><em>di</em></strong></span> <span class='ocrx_word' id='word_1_143' title='bbox 775 2720 940 2794; x_wconf 85' lang='lat' dir='ltr'><strong><em>Surrento</em></strong></span> <span class='ocrx_word' id='word_1_144' title='bbox 958 2717 1229 2787; x_wconf 85' lang='lat' dir='ltr'><strong><em>riuonasaevana</em></strong></span> 
     </span>
     <span class='ocr_line' id='line_1_20' title="bbox 170 2832 1292 2930; baseline -0.004 -27"><span class='ocrx_word' id='word_1_145' title='bbox 170 2834 195 2904; x_wconf 93' lang='lat' dir='ltr'><strong><em>il</em></strong></span> <span class='ocrx_word' id='word_1_146' title='bbox 222 2835 342 2906; x_wconf 85' lang='lat' dir='ltr'><strong><em>diritto</em></strong></span> <span class='ocrx_word' id='word_1_147' title='bbox 367 2835 630 2930; x_wconf 70' lang='lat' dir='ltr'><strong><em>patrimoniales,</em></strong></span> <span class='ocrx_word' id='word_1_148' title='bbox 660 2835 685 2906; x_wconf 94' lang='lat' dir='ltr'><strong><em>il</em></strong></span> <span class='ocrx_word' id='word_1_149' title='bbox 712 2835 813 2928; x_wconf 83' lang='lat' dir='ltr'><strong><em>quale</em></strong></span> <span class='ocrx_word' id='word_1_150' title='bbox 839 2833 977 2906; x_wconf 87' lang='lat' dir='ltr'><strong><em>ne&#39;suoi</em></strong></span> <span class='ocrx_word' id='word_1_151' title='bbox 997 2832 1105 2904; x_wconf 74' lang='lat' dir='ltr'><strong><em>effoeti</em></strong></span> <span class='ocrx_word' id='word_1_152' title='bbox 1124 2851 1228 2904; x_wconf 84' lang='lat' dir='ltr'><strong><em>aveva</em></strong></span> <span class='ocrx_word' id='word_1_153' title='bbox 1272 2853 1292 2900; x_wconf 77' lang='grc' dir='ltr'>ι</span> 
     </span>
     <span class='ocr_line' id='line_1_21' title="bbox 169 2950 1230 3047; baseline -0.003 -25"><span class='ocrx_word' id='word_1_154' title='bbox 169 2975 239 3022; x_wconf 81' lang='lat' dir='ltr'><strong><em>una</em></strong></span> <span class='ocrx_word' id='word_1_155' title='bbox 258 2952 373 3047; x_wconf 86' lang='lat' dir='ltr'><strong><em>speeie</em></strong></span> <span class='ocrx_word' id='word_1_156' title='bbox 398 2951 666 3046; x_wconf 80' lang='lat' dir='ltr'><strong><em>di&#39;simigbianzs</em></strong></span> <span class='ocrx_word' id='word_1_157' title='bbox 693 2951 724 3022; x_wconf 87' lang='lat' dir='ltr'><strong><em>al</em></strong></span> <span class='ocrx_word' id='word_1_158' title='bbox 743 2951 863 3022; x_wconf 87' lang='lat' dir='ltr'><strong><em>diritto</em></strong></span> <span class='ocrx_word' id='word_1_159' title='bbox 883 2950 916 3020; x_wconf 92' lang='lat' dir='ltr'><strong><em>di</em></strong></span> <span class='ocrx_word' id='word_1_160' title='bbox 938 2972 1111 3044; x_wconf 75' lang='lat' dir='ltr'><strong><em>congrua,</em></strong></span> <span class='ocrx_word' id='word_1_161' title='bbox 1132 2972 1151 3019; x_wconf 89' lang='lat' dir='ltr'><strong><em>e</em></strong></span> <span class='ocrx_word' id='word_1_162' title='bbox 1170 2972 1230 3044; x_wconf 89' lang='lat' dir='ltr'><strong><em>po-</em></strong></span> 
     </span>
     <span class='ocr_line' id='line_1_22' title="bbox 168 3064 1226 3162; baseline -0.004 -24"><span class='ocrx_word' id='word_1_163' title='bbox 168 3076 246 3140; x_wconf 81' lang='lat' dir='ltr'><strong><em>tuve</em></strong></span> <span class='ocrx_word' id='word_1_164' title='bbox 277 3068 474 3140; x_wconf 83' lang='lat' dir='ltr'><strong><em>eseroitarsi</em></strong></span> <span class='ocrx_word' id='word_1_165' title='bbox 505 3068 643 3162; x_wconf 83' lang='lat' dir='ltr'><strong><em>quando</em></strong></span> <span class='ocrx_word' id='word_1_166' title='bbox 667 3089 771 3140; x_wconf 82' lang='lat' dir='ltr'><strong><em>avena</em></strong></span> <span class='ocrx_word' id='word_1_167' title='bbox 796 3068 899 3162; x_wconf 81' lang='lat' dir='ltr'><strong><em>luogo</em></strong></span> <span class='ocrx_word' id='word_1_168' title='bbox 925 3067 957 3138; x_wconf 85' lang='lat' dir='ltr'><strong><em>la</em></strong></span> <span class='ocrx_word' id='word_1_169' title='bbox 975 3067 1115 3139; x_wconf 86' lang='lat' dir='ltr'><strong><em>vendita</em></strong></span> <span class='ocrx_word' id='word_1_170' title='bbox 1134 3064 1226 3135; x_wconf 84' lang='lat' dir='ltr'>della</span> 
     </span>
     <span class='ocr_line' id='line_1_23' title="bbox 168 3175 1225 3281; baseline -0.005 -25"><span class='ocrx_word' id='word_1_171' title='bbox 168 3207 249 3256; x_wconf 78' lang='lat' dir='ltr'><strong><em>soso</em></strong></span> <span class='ocrx_word' id='word_1_172' title='bbox 278 3193 435 3281; x_wconf 82' lang='lat' dir='ltr'><strong><em>suggetis</em></strong></span> <span class='ocrx_word' id='word_1_173' title='bbox 468 3186 499 3256; x_wconf 84' lang='lat' dir='ltr'><strong><em>al</em></strong></span> <span class='ocrx_word' id='word_1_174' title='bbox 532 3184 650 3257; x_wconf 74' lang='lat' dir='ltr'><strong><em>dirius</em></strong></span> <span class='ocrx_word' id='word_1_175' title='bbox 681 3175 1101 3280; x_wconf 64' lang='lat' dir='ltr'><strong><em>patrimoniolu&#39;Laonde</em></strong></span> <span class='ocrx_word' id='word_1_176' title='bbox 1132 3183 1225 3253; x_wconf 81' lang='lat' dir='ltr'><strong><em>nella</em></strong></span> 
     </span>
    </p>
   </div>
   <div class='ocr_carea' id='block_1_4' title="bbox 166 3300 1247 4218">
    <p class='ocr_par' dir='ltr' id='par_1_4' title="bbox 166 3300 1247 4218">
     <span class='ocr_line' id='line_1_24' title="bbox 168 3300 1227 3397; baseline -0.002 -26"><span class='ocrx_word' id='word_1_177' title='bbox 168 3302 278 3396; x_wconf 84' lang='lat' dir='ltr'><strong><em>prima</em></strong></span> <span class='ocrx_word' id='word_1_178' title='bbox 296 3309 392 3397; x_wconf 84' lang='lat' dir='ltr'><strong><em>parta</em></strong></span> <span class='ocrx_word' id='word_1_179' title='bbox 410 3303 446 3373; x_wconf 91' lang='lat' dir='ltr'><strong><em>di</em></strong></span> <span class='ocrx_word' id='word_1_180' title='bbox 463 3309 584 3397; x_wconf 84' lang='lat' dir='ltr'><strong><em>questa</em></strong></span> <span class='ocrx_word' id='word_1_181' title='bbox 604 3301 742 3374; x_wconf 80' lang='lat' dir='ltr'><strong><em>rubrica</em></strong></span> <span class='ocrx_word' id='word_1_182' title='bbox 757 3305 774 3373; x_wconf 81' lang='lat' dir='ltr'><strong><em>b</em></strong></span> <span class='ocrx_word' id='word_1_183' title='bbox 792 3302 890 3396; x_wconf 86' lang='lat' dir='ltr'><strong><em>quasi</em></strong></span> <span class='ocrx_word' id='word_1_184' title='bbox 910 3301 978 3372; x_wconf 81' lang='lat' dir='ltr'><strong><em>ella</em></strong></span> <span class='ocrx_word' id='word_1_185' title='bbox 997 3300 1119 3372; x_wconf 83' lang='lat' dir='ltr'><strong><em>lettera</em></strong></span> <span class='ocrx_word' id='word_1_186' title='bbox 1137 3301 1227 3394; x_wconf 83' lang='lat' dir='ltr'><strong><em>nipe-</em></strong></span> 
     </span>
     <span class='ocr_line' id='line_1_25' title="bbox 167 3417 1225 3513; baseline -0.001 -25"><span class='ocrx_word' id='word_1_187' title='bbox 167 3425 243 3489; x_wconf 88' lang='lat' dir='ltr'><strong><em>tuto</em></strong></span> <span class='ocrx_word' id='word_1_188' title='bbox 260 3417 378 3511; x_wconf 85' lang='lat' dir='ltr'><strong><em>quella</em></strong></span> <span class='ocrx_word' id='word_1_189' title='bbox 397 3418 461 3491; x_wconf 86' lang='lat' dir='ltr'><strong><em>she</em></strong></span> <span class='ocrx_word' id='word_1_190' title='bbox 481 3418 573 3490; x_wconf 84' lang='lat' dir='ltr'><strong><em>nella</em></strong></span> <span class='ocrx_word' id='word_1_191' title='bbox 591 3419 702 3512; x_wconf 84' lang='lat' dir='ltr'><strong><em>prima</em></strong></span> <span class='ocrx_word' id='word_1_192' title='bbox 719 3426 816 3513; x_wconf 84' lang='lat' dir='ltr'><strong><em>parta</em></strong></span> <span class='ocrx_word' id='word_1_193' title='bbox 831 3418 922 3490; x_wconf 83' lang='lat' dir='ltr'>della</span> <span class='ocrx_word' id='word_1_194' title='bbox 940 3418 1079 3490; x_wconf 79' lang='lat' dir='ltr'><strong><em>rubrius</em></strong></span> <span class='ocrx_word' id='word_1_195' title='bbox 1092 3417 1225 3490; x_wconf 81' lang='lat' dir='ltr'>XXXV!</span> 
     </span>
     <span class='ocr_line' id='line_1_26' title="bbox 168 3537 1225 3632; baseline -0.002 -24"><span class='ocrx_word' id='word_1_196' title='bbox 168 3537 197 3608; x_wconf 84' lang='lat' dir='ltr'><strong><em>si</em></strong></span> <span class='ocrx_word' id='word_1_197' title='bbox 220 3544 316 3610; x_wconf 76' lang='lat' dir='ltr'><strong><em>inova</em></strong></span> <span class='ocrx_word' id='word_1_198' title='bbox 340 3537 493 3608; x_wconf 85' lang='lat' dir='ltr'><strong><em>stabilito</em></strong></span> <span class='ocrx_word' id='word_1_199' title='bbox 513 3537 568 3632; x_wconf 81' lang='lat' dir='ltr'><strong><em>pel</em></strong></span> <span class='ocrx_word' id='word_1_200' title='bbox 600 3539 718 3609; x_wconf 78' lang='lat' dir='ltr'><strong><em>diuitis</em></strong></span> <span class='ocrx_word' id='word_1_201' title='bbox 750 3538 784 3608; x_wconf 92' lang='lat' dir='ltr'><strong><em>di</em></strong></span> <span class='ocrx_word' id='word_1_202' title='bbox 813 3561 984 3632; x_wconf 80' lang='lat' dir='ltr'><strong><em>congruo,</em></strong></span> <span class='ocrx_word' id='word_1_203' title='bbox 1017 3537 1225 3608; x_wconf 81' lang='lat' dir='ltr'><strong><em>rendendosi</em></strong></span> 
     </span>
     <span class='ocr_line' id='line_1_27' title="bbox 167 3641 1225 3748; baseline -0.001 -21"><span class='ocrx_word' id='word_1_204' title='bbox 167 3661 241 3728; x_wconf 86' lang='lat' dir='ltr'><strong><em>eosl</em></strong></span> <span class='ocrx_word' id='word_1_205' title='bbox 266 3656 407 3726; x_wconf 80' lang='lat' dir='ltr'><strong><em>comuni</em></strong></span> <span class='ocrx_word' id='word_1_206' title='bbox 435 3657 477 3726; x_wconf 85' lang='lat' dir='ltr'><strong><em>ad</em></strong></span> <span class='ocrx_word' id='word_1_207' title='bbox 503 3641 702 3728; x_wconf 60' lang='lat' dir='ltr'><strong><em>amendae&#39;i</em></strong></span> <span class='ocrx_word' id='word_1_208' title='bbox 722 3654 832 3726; x_wconf 82' lang='lat' dir='ltr'><strong><em>dinitti</em></strong></span> <span class='ocrx_word' id='word_1_209' title='bbox 852 3656 884 3726; x_wconf 86' lang='lat' dir='ltr'><strong><em>le</em></strong></span> <span class='ocrx_word' id='word_1_210' title='bbox 904 3654 1091 3726; x_wconf 85' lang='lat' dir='ltr'><strong><em>medesime</em></strong></span> <span class='ocrx_word' id='word_1_211' title='bbox 1110 3655 1225 3748; x_wconf 91' lang='lat' dir='ltr'><strong><em>dispo·</em></strong></span> 
     </span>
     <span class='ocr_line' id='line_1_28' title="bbox 167 3770 1224 3868; baseline -0.002 -24"><span class='ocrx_word' id='word_1_212' title='bbox 167 3771 303 3844; x_wconf 78' lang='lat' dir='ltr'><strong><em>sisiani.</em></strong></span> <span class='ocrx_word' id='word_1_213' title='bbox 320 3770 420 3842; x_wconf 84' lang='lat' dir='ltr'><strong><em>Nells</em></strong></span> <span class='ocrx_word' id='word_1_214' title='bbox 445 3771 594 3843; x_wconf 84' lang='lat' dir='ltr'><strong><em>secanda</em></strong></span> <span class='ocrx_word' id='word_1_215' title='bbox 619 3782 715 3867; x_wconf 84' lang='lat' dir='ltr'><strong><em>parte</em></strong></span> <span class='ocrx_word' id='word_1_216' title='bbox 740 3772 796 3868; x_wconf 90' lang='lat' dir='ltr'><strong><em>poi</em></strong></span> <span class='ocrx_word' id='word_1_217' title='bbox 821 3772 850 3842; x_wconf 88' lang='lat' dir='ltr'><strong><em>si</em></strong></span> <span class='ocrx_word' id='word_1_218' title='bbox 874 3774 959 3844; x_wconf 83' lang='lat' dir='ltr'><strong><em>vede</em></strong></span> <span class='ocrx_word' id='word_1_219' title='bbox 984 3772 1135 3842; x_wconf 79' lang='lat' dir='ltr'><strong><em>indicata</em></strong></span> <span class='ocrx_word' id='word_1_220' title='bbox 1154 3793 1224 3842; x_wconf 88' lang='lat' dir='ltr'><strong><em>una</em></strong></span> 
     </span>
     <span class='ocr_line' id='line_1_29' title="bbox 167 3883 1221 3980; baseline -0.006 -21"><span class='ocrx_word' id='word_1_221' title='bbox 167 3885 329 3959; x_wconf 85' lang='lat' dir='ltr'><strong><em>notevale</em></strong></span> <span class='ocrx_word' id='word_1_222' title='bbox 355 3883 537 3956; x_wconf 84' lang='lat' dir='ltr'><strong><em>differenza</em></strong></span> <span class='ocrx_word' id='word_1_223' title='bbox 565 3892 617 3956; x_wconf 82' lang='lat' dir='ltr'><strong><em>tna</em></strong></span> <span class='ocrx_word' id='word_1_224' title='bbox 640 3887 717 3980; x_wconf 87' lang='lat' dir='ltr'><strong><em>que&#39;</em></strong></span> <span class='ocrx_word' id='word_1_225' title='bbox 734 3888 801 3957; x_wconf 87' lang='lat' dir='ltr'><strong><em>due</em></strong></span> <span class='ocrx_word' id='word_1_226' title='bbox 828 3885 964 3972; x_wconf 81' lang='lat' dir='ltr'><strong><em>disitti,</em></strong></span> <span class='ocrx_word' id='word_1_227' title='bbox 996 3884 1122 3980; x_wconf 75' lang='lat' dir='ltr'><strong><em>peschi</em></strong></span> <span class='ocrx_word' id='word_1_228' title='bbox 1141 3908 1179 3954; x_wconf 84' lang='lat' dir='ltr'><strong><em>ss</em></strong></span> <span class='ocrx_word' id='word_1_229' title='bbox 1199 3884 1221 3954; x_wconf 84' lang='lat' dir='ltr'><strong><em>ii</em></strong></span> 
     </span>
     <span class='ocr_line' id='line_1_30' title="bbox 167 4003 1247 4099; baseline -0.002 -23"><span class='ocrx_word' id='word_1_230' title='bbox 167 4006 385 4088; x_wconf 79' lang='lat' dir='ltr'><strong><em>sentinante,</em></strong></span> <span class='ocrx_word' id='word_1_231' title='bbox 412 4003 477 4076; x_wconf 86' lang='lat' dir='ltr'><strong><em>che</em></strong></span> <span class='ocrx_word' id='word_1_232' title='bbox 495 4005 613 4079; x_wconf 85' lang='lat' dir='ltr'><strong><em>volevn</em></strong></span> <span class='ocrx_word' id='word_1_233' title='bbox 632 4004 684 4075; x_wconf 82' lang='lat' dir='ltr'><strong><em>far</em></strong></span> <span class='ocrx_word' id='word_1_234' title='bbox 702 4028 766 4076; x_wconf 88' lang='lat' dir='ltr'><strong><em>usa</em></strong></span> <span class='ocrx_word' id='word_1_235' title='bbox 784 4004 841 4076; x_wconf 85' lang='lat' dir='ltr'><strong><em>del</em></strong></span> <span class='ocrx_word' id='word_1_236' title='bbox 860 4004 978 4076; x_wconf 88' lang='lat' dir='ltr'><strong><em>diritto</em></strong></span> <span class='ocrx_word' id='word_1_237' title='bbox 997 4004 1031 4074; x_wconf 88' lang='lat' dir='ltr'><strong><em>di</em></strong></span> <span class='ocrx_word' id='word_1_238' title='bbox 1051 4026 1219 4099; x_wconf 80' lang='lat' dir='ltr'><strong><em>congruo,</em></strong></span> <span class='ocrx_word' id='word_1_239' title='bbox 1240 4026 1247 4038; x_wconf 93' lang='lat'><strong>·</strong></span> 
     </span>
     <span class='ocr_line' id='line_1_31' title="bbox 166 4121 1225 4218; baseline -0.001 -25"><span class='ocrx_word' id='word_1_240' title='bbox 166 4131 287 4216; x_wconf 83' lang='lat' dir='ltr'><strong><em>poteva</em></strong></span> <span class='ocrx_word' id='word_1_241' title='bbox 319 4121 537 4196; x_wconf 82' lang='lat' dir='ltr'><strong><em>rivsndioase</em></strong></span> <span class='ocrx_word' id='word_1_242' title='bbox 567 4122 599 4192; x_wconf 84' lang='lat' dir='ltr'><strong><em>la</em></strong></span> <span class='ocrx_word' id='word_1_243' title='bbox 629 4122 802 4218; x_wconf 81' lang='lat' dir='ltr'><strong><em>proprieti</em></strong></span> <span class='ocrx_word' id='word_1_244' title='bbox 833 4121 947 4196; x_wconf 77' lang='lat' dir='ltr'><strong><em>vicine</em></strong></span> <span class='ocrx_word' id='word_1_245' title='bbox 972 4130 1060 4195; x_wconf 81' lang='lat' dir='ltr'><strong><em>tutte</em></strong></span> <span class='ocrx_word' id='word_1_246' title='bbox 1080 4122 1112 4194; x_wconf 85' lang='lat' dir='ltr'><strong><em>le</em></strong></span> <span class='ocrx_word' id='word_1_247' title='bbox 1130 4122 1225 4194; x_wconf 83' lang='lat' dir='ltr'><strong><em>volte</em></strong></span> 
     </span>
    </p>
   </div>
   <div class='ocr_carea' id='block_1_5' title="bbox 0 0 1554 5218">
    <p class='ocr_par' dir='ltr' id='par_1_5' title="bbox 0 0 1554 5218">
     <span class='ocr_line' id='line_1_32' title="bbox 0 0 1554 5218; baseline 0 2"><span class='ocrx_word' id='word_1_248' title='bbox 0 0 1554 5218; x_wconf 95' lang='lat' dir='ltr'><strong><em> </em></strong></span> 
     </span>
    </p>
   </div>
  </div>
 </body>
</html>
