3116 5214
781 446 958 518 ..42-

345 591 381 658 et
398 587 433 656 in
452 584 525 680 ipso
543 585 674 681 pariete
693 585 789 660 nulla
807 585 854 656 sit
872 591 1043 682 apertura,
1060 585 1108 657 ita
1126 583 1217 681 quod
1238 589 1412 679 aspectus

345 703 464 777 baberi
482 728 551 777 rron
568 703 679 801 possit
695 727 799 800 supra
817 703 957 776 domum
975 703 1094 776 vicini.
1157 727 1158 730 ’

393 821 437 894 Et
453 821 545 894 idem
564 821 594 892 si
611 843 672 916 per
688 821 791 906 duos,
812 827 896 908 tres,
917 826 1064 915 quatuor
1081 820 1214 916 palmos
1236 827 1271 892 et
1290 822 1404 906 ultra,

345 937 435 1012 inlra
458 962 562 1012 unam
581 960 751 1022 cannam,
771 937 856 1010 velit
874 935 953 1031 quis
976 936 1158 1008 aedificare
1175 935 1297 1010 subtus
1314 959 1407 1032 pen·

346 1079 425 1128 nam
444 1055 526 1128 teeti
544 1055 598 1128 vel
617 1053 741 1126 astraei
765 1054 888 1140 vicini,
908 1053 988 1149 qnia
1006 1053 1108 1125 debet
1125 1053 1167 1125 ab
1187 1054 1261 1150 ipso
1279 1053 1406 1125 aedili-

345 1173 400 1246 cio
421 1194 545 1268 supra,
567 1171 596 1244 si
615 1177 788 1244 astracum
810 1169 910 1256 lacit,
931 1169 1098 1266 parietem
1118 1176 1341 1255 construere,
1362 1171 1405 1241 in

347 1311 414 1385 quo
437 1311 506 1360 non
530 1287 575 1358 sit
598 1293 758 1384 apertura
784 1287 918 1381 aliqua,
947 1292 982 1358 et
1007 1287 1054 1358 sit
1073 1285 1114 1358 ad
1134 1285 1249 1358 minus
1268 1309 1405 1387 cannae

346 1406 451 1479 unius
469 1404 585 1501 spatii,
606 1411 645 1476 ut
662 1404 817 1501 proxime
837 1404 969 1476 dictum
987 1410 1053 1475 est.

393 1523 531 1612 Quodsi
544 1521 632 1595 nolit
645 1522 757 1620 ipsum
773 1522 969 1595 aedificium
985 1523 1089 1595 altius
1105 1521 1285 1608 extollere,
1296 1544 1402 1616 quam

346 1639 392 1712 sit
407 1663 519 1736 penna
534 1639 616 1714 tecti
631 1639 684 1713 vel
698 1639 836 1726 astraei,
854 1639 912 1712 sed
930 1638 1031 1726 inira,
1049 1639 1220 1735 siquidem
1239 1639 1323 1713 velit
1342 1662 1404 1711 ae·

270 1765 275 1774 '
345 1756 491 1829 difieans
517 1763 690 1829 asinaeum
717 1755 845 1843 lacere,
875 1754 978 1828 debet
1003 1757 1038 1828 in
1064 1764 1199 1829 tanturn
1219 1779 1238 1827 a
1257 1755 1403 1830 remotis

346 1873 468 1945 subtus
493 1896 640 1969 pennam
667 1873 791 1945 astraei
810 1872 864 1946 vel
883 1871 968 1945 tecti
993 1873 1136 1970 parietis
1161 1872 1266 1946 vicini
1287 1873 1402 1969 ipsum

346 1997 519 2062 asinaeum
545 1987 678 2076 faeere,
699 1995 865 2083 quantum
885 1997 937 2060 est
955 1989 1105 2084 spatium
1123 2011 1255 2061 cannae
1275 1989 1400 2061 unius:

345 2103 436 2200 qnod
462 2104 491 2175 si
516 2104 601 2177 velit
628 2109 761 2176 tectum
791 2103 923 2188 lacere,
945 2102 1046 2176 debet
1070 2127 1130 2200 per
1155 2105 1290 2201 palmos
1311 2104 1403 2178 duos

345 2243 476 2294 cannae
502 2221 625 2293 subtus
651 2243 798 2316 pennam
826 2222 907 2294 tecti
927 2221 981 2294 vel
999 2223 1124 2294 astraei
1143 2221 1249 2295 vicini
1267 2227 1402 2294 tectum

345 2335 473 2412 iacere.

391 2453 456 2526 Ubi
480 2455 649 2549 reperitur
678 2455 949 2525 instrumentum
974 2453 1175 2541 divisionis,
1201 2454 1291 2549 quod
1316 2457 1402 2530 Sur-

344 2572 436 2644 renti
454 2571 578 2644 mersis
596 2570 737 2658 dieitur,
755 2579 790 2643 et
802 2573 1001 2644 continetur
1018 2573 1054 2644 in
1072 2573 1146 2668 ipso
1167 2574 1401 2648 instrumento

345 2688 436 2785 qnod
454 2688 581 2784 aliquis
600 2689 768 2786 ipsorum,
789 2689 879 2762 inter
895 2713 981 2785 quos
1001 2689 1090 2761 lacta
1109 2699 1162 2763 est
1179 2690 1317 2778 divisio,
1339 2692 1422 2790 113--

343 2809 425 2881 bere
443 2809 567 2881 debeat
592 2809 743 2904 aliquam
769 2817 966 2905 aperturam
991 2808 1046 2882 vel
1071 2809 1273 2882 servitutem
1295 2810 1399 2882 aliam

343 2925 380 2996 in
397 2932 494 3022 parte
521 2924 668 2996 alterum
695 2926 934 3020 contingente,
963 2928 1017 3000 vel
1044 2925 1134 3021 quod
1160 2926 1284 2998 debeat
1303 2928 1400 2999 clau·

344 3042 425 3114 dere
445 3051 623 3138 aperturas
646 3043 756 3138 ipsas,
777 3044 831 3115 vel
850 3045 940 3139 qnod
961 3068 1028 3116 non
1048 3044 1172 3115 debeat
1190 3043 1316 3116 habere
1336 3046 1400 3117 ali-

347 3166 641 3256 quasaperturas,
659 3161 883 3257 praescriptio
897 3162 1001 3234 etiam
1017 3161 1211 3257 longissimi
1232 3163 1399 3258 temporis

343 3299 413 3349 non
428 3277 566 3349 obsistit
580 3277 632 3348 illi
647 3301 688 3349 ex
702 3279 932 3364 consortibus,
947 3281 1004 3374 qui
1020 3282 1117 3376 juxta
1135 3287 1292 3351 tenorem
1314 3279 1398 3350 dieti

344 3391 567 3464 instrumenti
583 3391 685 3463 debet
697 3391 823 3462 habere
843 3402 1037 3488 aperturam
1056 3393 1111 3467 uel
1130 3395 1346 3481 servitutem,
1364 3401 1399 3466 et

344 3510 444 3606 eujus
462 3511 575 3582 lavore
595 3520 754 3606 apertura
773 3511 966 3583 claudenda
984 3520 1069 3599 erat,
1090 3513 1143 3585 vel
1163 3514 1262 3610 cujus
1283 3513 1398 3586 lavore

343 3648 414 3698 non
432 3625 554 3698 debeat
577 3627 702 3699 babere
727 3628 817 3700 alius
835 3635 1047 3725 aperturam:
1069 3629 1129 3700 sed
1148 3628 1260 3724 quoad
1282 3653 1323 3702 ea
1342 3653 1399 3726 pe-

342 3744 441 3817 rinde
459 3750 570 3817 stetur
595 3745 659 3842 ipsi
684 3747 933 3832 instrumento,
954 3769 995 3834 ao
1013 3746 1042 3819 si
1061 3747 1247 3820 novissime
1267 3746 1397 3820 laetum

230 3877 234 3886 '
342 3861 451 3950 esset,
472 3861 544 3934 sive
563 3861 635 3935 sint
652 3864 735 3959 ipsi,
757 3863 847 3935 inter
865 3887 953 3958 quos
969 3872 1022 3937 est
1039 3866 1234 3951 contentio,
1258 3865 1395 3948 iratres,

341 3978 413 4051 sive
427 3977 488 4050 alii
501 3985 693 4066 consortes,
709 3979 800 4050 inter
818 4003 904 4074 quos
922 3982 996 4077 ipsa
1013 3981 1137 4056 divisio
1151 3981 1241 4055 lacta
1258 3989 1325 4070 est,
1341 3983 1396 4058 vel

341 4117 462 4170 eorum
480 4096 649 4172 haeredes
667 4104 702 4169 et
720 4119 940 4170 successores
957 4097 1063 4170 etiam
1082 4097 1291 4194 singulares.
