3116 5214
808 449 983 525 -52-

743 704 897 780 Ruenrca
914 702 1046 778 XXXII.

686 941 735 1016 De
751 942 938 1016 venditione
949 937 1084 1038 pupilli.

404 1171 578 1273 Pupillus,
593 1173 653 1270 qui
666 1171 787 1248 vendit
802 1173 859 1248 vel
877 1173 980 1246 aliter
995 1169 1173 1246 contrahit
1189 1194 1271 1250 cum
1287 1180 1427 1254 tutoris

355 1291 578 1380 auctoritate,
594 1313 751 1366 seucum
766 1289 973 1365 auctoritate
989 1288 1140 1386 alicujus
1153 1291 1225 1364 dati
1238 1294 1283 1367 ad
1296 1295 1424 1395 ipsum

357 1415 575 1486 contractum
602 1407 715 1484 eidem
739 1407 875 1508 pupillo
902 1431 962 1507 per
988 1407 1150 1482 homines
1174 1409 1311 1508 plateae
1338 1415 1423 1488 sive
1530 1413 1531 1476 t

355 1527 496 1614 theatri,
513 1526 637 1624 inquo
655 1527 747 1600 idem
765 1525 922 1624 pupillus
938 1524 1083 1613 habitat,
1099 1525 1155 1602 vel
1171 1550 1233 1624 per
1249 1530 1421 1627 Bajuium
1530 1510 1531 1560 ¹

355 1649 393 1718 ct
409 1643 552 1718 iudices
576 1641 737 1720 Surrenti
762 1643 796 1714 ei
821 1639 911 1729 dati,
939 1641 999 1737 qui
1025 1642 1077 1715 sie
1094 1640 1197 1716 datus
1217 1646 1422 1720 seeundum

352 1759 532 1856 vulgarem
558 1781 661 1834 usum
687 1754 853 1852 loquendi
878 1753 1037 1830 Surrenti
1060 1755 1190 1832 dicitur
1209 1758 1415 1851 advocator,
1529 1737 1531 1860 i

353 1882 475 1952 eontra
492 1899 590 1962 cum,
610 1898 692 1950 oum
708 1898 776 1970 quo
794 1872 986 1961 contraxit,
1005 1873 1149 1970 ejusque
1167 1875 1336 1952 haeredes
1356 1879 1419 1956 vel
1525 1879 1531 2052 4

353 1994 462 2068 atium
485 1991 670 2066 habentem
687 2013 830 2067 causam
848 1990 890 2065 ab
907 1989 982 2088 ipso
999 1991 1229 2068 contrahente
1246 2017 1327 2068 eum
1346 2019 1417 2095 pu-

353 2112 441 2212 pilio
463 2133 645 2186 recursum
667 2134 737 2184 non
757 2109 878 2197 babet,
897 2108 965 2183 nisi
984 2108 1020 2183 in
1037 2109 1254 2200 subsidium,
1274 2113 1419 2188 seilicet
1530 2087 1531 2108 Χ

352 2228 510 2304 discusso
525 2227 617 2303 dieto
631 2235 746 2302 tutore
761 2227 833 2304 sive
847 2227 1053 2302 advocatore
1070 2232 1106 2300 et
1123 2251 1164 2306 eo
1183 2251 1253 2304 non
1273 2239 1416 2326 reperto

350 2346 537 2434 solvendo,
561 2346 610 2419 ita
635 2345 727 2441 quod
747 2367 808 2445 per
825 2367 882 2416 res
901 2350 937 2418 et
951 2343 1041 2417 bona
1060 2343 1171 2442 ipsius
1188 2345 1316 2419 tutoris
1333 2347 1413 2424 sive

350 2461 567 2539 advocatoris
580 2473 650 2534 non
663 2461 773 2558 possit
785 2459 957 2557 provideri
972 2459 1193 2535 indemnitati
1211 2462 1352 2559 pupilli:
1372 2463 1413 2538 in
1527 2347 1531 2568 b

350 2601 393 2654 eo
412 2578 526 2668 enim,
546 2577 582 2652 in
599 2600 669 2675 quo
686 2600 755 2651 non
773 2575 952 2651 invenitur
977 2577 1143 2654 solvendo
1162 2584 1257 2653 tutor
1273 2582 1330 2655 vel
1348 2580 1412 2654 ad·

351 2701 493 2771 vocator
510 2696 645 2769 adrem
663 2693 865 2768 distractam
883 2692 940 2768 vcl
957 2693 1157 2780 alienatam,
1172 2695 1330 2794 pupillus
1346 2695 1412 2772 ha·
1529 2719 1530 2735 ¹

349 2813 433 2887 berc
451 2818 566 2910 potest
582 2833 764 2886 recursum
783 2815 887 2908 prout
899 2811 980 2906 jura
995 2811 1194 2886 communia
1213 2811 1246 2885 ei
1263 2813 1410 2910 permit·

347 2935 441 3005 tunt.
460 2929 555 3018 Quae
570 2929 665 3004 dicta
682 2934 765 3002 suut
781 2927 824 3002 de
841 2927 1067 3016 advocatore,
1087 2927 1206 3010 locum
1223 2928 1354 3005 habent
1370 2931 1408 3006 in

349 3043 494 3141 pupillis
507 3041 642 3119 civibus
654 3065 719 3116 seu
732 3041 967 3119 habitantibus
981 3041 1139 3118 Civitatis
1154 3043 1328 3118 Surrenti:
1343 3067 1409 3142 pu·

216 3215 224 3238 .
348 3159 445 3258 pillis
458 3182 541 3236 vero
555 3158 699 3234 rusticis
715 3158 788 3234 sive
806 3158 843 3232 iu
861 3181 942 3234 rure
958 3157 1197 3240 habitantibus
1214 3158 1251 3232 in
1268 3166 1410 3236 eontra·

347 3274 464 3350 atibus
491 3275 677 3354 advocator
694 3271 796 3348 datur
813 3295 873 3370 per
889 3273 1050 3349 homines
1067 3271 1164 3350 illiue
1180 3274 1316 3372 plateae
1331 3276 1405 3353 sive

347 3388 440 3466 tocci
464 3389 622 3466 Civitatis
646 3388 824 3475 Surrenti,
853 3387 895 3462 dc
921 3411 989 3484 qua
1005 3389 1120 3487 platea
1137 3389 1210 3466 sive
1226 3395 1327 3465 tocco
1345 3415 1403 3468 vo·
1522 3441 1524 3486 J

346 3505 426 3580 lunt
450 3504 516 3602 ipsi
541 3505 683 3604 pupilli,
704 3504 760 3581 vel
778 3504 881 3578 datur
904 3504 987 3603 ipsis
1003 3505 1147 3604 pupillis
1165 3529 1226 3606 per
1241 3507 1402 3606 baiulum
1522 3487 1523 3578 i

346 3628 383 3697 et
398 3621 716 3703 iudicesCivitatis
732 3621 905 3700 Surrenti.
