3098 5218
787 485 961 556 ...70-

362 629 396 695 et
413 625 479 719 ipsi
493 625 631 723 jugales
649 627 702 701 vel
722 623 848 720 aliquis
862 649 903 696 ox
920 625 971 697 eis
989 647 1056 697 non
1077 631 1221 720 possunt
1233 626 1435 698 commode

269 769 272 775 ·
361 740 475 815 vivere
494 750 529 816 et
545 743 755 816 substentari
773 765 815 816 ex
832 741 1006 816 sruotibus
1023 741 1214 829 bonorum,
1233 743 1338 840 quod
1359 765 1433 814 non

361 863 545 932 teneantur
570 882 634 932 neo
654 857 803 930 debeant
819 859 856 930 in
873 860 942 933 vita
959 881 1080 932 eorum
1098 860 1179 931 dare
1197 866 1233 932 et
1250 859 1434 932 exhibere

362 973 513 1069 aliquam
539 977 732 1072 portionem
758 977 924 1051 debonis
951 999 1091 1064 eorum,
1117 977 1265 1050 maxime
1290 977 1327 1050 si
1365 976 1435 1072 ipsi

358 1090 565 1185 jugulasset
584 1091 713 1188 aliquis
733 1097 887 1194 ipsorum
905 1094 1041 1166 suntin
1060 1093 1159 1166 senio
1177 1093 1389 1174 constit-uti.

739 1331 892 1404 Rubrum
916 1331 1032 1404 Lxrx.

361 1558 410 1634 Da
424 1561 563 1661 ealbatis
575 1570 632 1663 qai
644 1576 783 1662 possunt
797 1567 875 1641 dori
887 1559 929 1639 ¹tu
944 1567 1051 1640 datam
1071 1565 1153 1660 filiis
1166 1565 1217 1638 eat
1234 1563 1428 1662 fratribus.

410 1792 507 1881 Quod
531 1796 560 1869 si
583 1795 709 1894 aliquis
733 1800 836 1872 horno
860 1799 902 1894 de
921 1797 1087 1872 Surrento
1111 1796 1243 1870 detinet
1261 1796 1430 1893 aliquam

361 1918 489 1986 terram
508 1915 703 2012 insolligio
721 1941 801 1991 oum
818 1917 936 2013 aliquo
953 1916 1093 1990 homine
1111 1915 1154 1988 de
1172 1915 1362 2002 Surrento,
1386 1913 1431 1985 u-

363 2037 421 2103 est
446 2054 515 2104 non
540 2034 651 2129 possit
676 2035 790 2132 ipsum
815 2033 997 2132 eolligium
1015 2032 1184 2121 vendere,
1213 2032 1351 2106 donare
1371 2029 1428 2104 vel

362 2149 528 2236 alienare,
548 2174 609 2224 seu
627 2143 789 2226 in‘alium
807 2151 995 2226 transferre
1013 2151 1088 2224 sine
1106 2149 1285 2224 voluntate
1304 2147 1426 2222 dorni·

363 2265 419 2353 ni,
447 2267 549 2364 eujus
575 2274 629 2340 est
657 2274 749 2341 terra
772 2267 965 2364 praedicta,
992 2266 1085 2364 quod
1108 2267 1199 2362 ipso,
1226 2265 1286 2361 qui
1314 2263 1426 2337 habet

362 2382 490 2456 dietam
508 2392 634 2456 terram
653 2384 688 2457 in
707 2385 866 2480 oolligio,
888 2391 1019 2482 potest,
1040 2383 1070 2456 si
1088 2382 1175 2469 vult,
1195 2381 1276 2455 dare
1296 2387 1336 2454 et
1354 2387 1429 2454 tra·

364 2498 445 2572 dere
470 2499 578 2573 alioui
600 2501 672 2575 filio
695 2525 759 2577 suo
783 2504 895 2598 ipsum
914 2500 1112 2599 oolligium,
1133 2507 1168 2574 et
1190 2500 1271 2573 dare
1296 2507 1337 2573 et
1355 2505 1428 2572 tra·

363 2615 445 2688 dere
464 2616 576 2713 ipsura
594 2617 775 2713 soltigium
793 2618 899 2692 elicui
911 2618 1011 2724 tiliae
1029 2641 1089 2714 pro
1105 2615 1285 2713 maritagio
1302 2617 1423 2690 dietas

362 2733 455 2808 filiae
473 2757 576 2823 suae,
600 2742 636 2810 et
659 2736 734 2810 fieri
751 2736 866 2810 faeere
884 2735 1009 2813 exinde
1026 2737 1205 2834 publicum
1224 2743 1260 2809 et
1276 2733 1423 2809 firmum

363 2849 647 2926 instrumentum.

751 3090 905 3194 Runnron
930 3085 1030 3161 LXX.

381 3323 429 3398 Da
445 3323 616 3398 arboribus
633 3327 831 3399 castanietis
847 3326 1012 3401 stantibus
1028 3331 1067 3402 a'n
1083 3329 1227 3425 enotata
1244 3328 1401 3424 aliaajam.

411 3558 508 3647 Quod
523 3559 552 3632 si
567 3559 692 3657 aliquis
705 3563 809 3634 horno
823 3561 926 3636 habet
939 3562 1090 3660 aliquam
1103 3570 1231 3637 terram
1251 3562 1294 3634 ad
1313 3562 1419 3634 finem

364 3684 477 3751 terrae
504 3678 655 3775 alicujus
685 3681 829 3755 alterius
857 3681 1027 3771 hominis,
1060 3691 1095 3755 et
1116 3681 1159 3754 ad
1181 3679 1286 3754 finem
1304 3689 1417 3752 terrae

355 3796 544 3870 oonfinalis
570 3797 616 3870 sit
647 3798 761 3895 aliqua
791 3800 910 3888 arbor,
936 3824 1023 3897 quae
1047 3801 1176 3874 dieitur
1199 3809 1360 3874 castanea
1384 3803 1418 3869 et

366 3913 529 3988 ascendut
554 3916 642 3988 ultra
670 3917 810 4014 triginta
835 3941 963 4005 annos,
992 3919 1081 4014 quod
1101 3919 1130 3989 si
1149 3918 1222 4005 ille,
1245 3919 1345 4015 eujus
1363 3920 1417 3989 est

364 4037 455 4103 terra
479 4032 653 4128 praedicta
677 4033 795 4129 inqua
820 4043 874 4107 est
891 4034 983 4109 dieta
1002 4034 1120 4128 arbor,
1142 4035 1267 4108 inuidit
1283 4057 1346 4129 seu
1365 4033 1417 4104 in·
1441 4128 1444 4134 Ι

365 4146 432 4222 aidi
457 4146 539 4220 teuit
568 4148 692 4224 exindo
722 4148 830 4246 ipsam
862 4150 1019 4225 arborem
1043 4151 1298 4238 castanieeam,
1325 4145 1414 4244 quod
