3116 5214
586 431 759 505 ...49-

143 572 236 644 inter
253 595 314 645 eos
330 570 385 648 vel
402 569 497 666 ipsos
510 573 564 640 est
575 565 760 640 licitationi
776 569 886 656 locus,
903 573 937 642 in
959 571 1024 646 hoc
1039 573 1202 651 videlicet

142 689 236 784 quod
263 689 343 776 ille,
366 687 426 784 qui
451 686 532 784 plus
556 683 614 758 dat
631 685 732 758 alteri
757 686 876 781 sieque
894 687 1042 762 alterum
1066 691 1101 764 in
1124 694 1201 767 lici·

142 806 250 879 tando
272 803 400 891 vincit,
419 809 575 900 partem,
602 825 705 897 quem
730 802 816 875 velit
840 801 967 876 hahere
984 805 1027 878 de
1043 808 1200 904 partibus

142 922 283 1012 divisis,
303 921 404 1020 eligit
419 946 481 1019 pro
498 919 642 994 arbitrio
659 919 862 994 volontatis.

190 1041 228 1115 Si
245 1046 363 1114 tamen
389 1037 571 1133 contingat
594 1036 799 1124 mulierem,
819 1061 906 1133 qnae
923 1040 1028 1113 hahet
1045 1041 1081 1113 in
1100 1042 1200 1114 honis

141 1155 316 1252 quondam
336 1154 452 1228 mariti
471 1158 643 1249 quartam,
660 1175 748 1247 quae
764 1161 886 1249 quarta
903 1157 1198 1253 sibiaaqunndam

140 1273 267 1346 marito
289 1271 400 1346 luerat
417 1272 619 1358 constituta,
636 1294 702 1344 nee
719 1279 908 1369 supersunt
925 1273 1033 1348 liberi·
1044 1299 1201 1350 excom·

138 1388 241 1463 muni
267 1388 507 1474 matrimonio,
534 1387 783 1486 propterquod
809 1388 844 1461 in
870 1390 971 1486 plena
991 1393 1199 1489 proprietate

141 1509 297 1599 quartam
313 1503 424 1601 ipsam
439 1502 566 1574 hahere
581 1502 801 1589 dehetpuelle
815 1528 895 1577 cum
910 1505 1117 1579 haeredibus
1135 1531 1198 1584 seu

140 1611 403 1695 successoribus
426 1619 551 1700 mariti,
566 1620 718 1693 dividere
743 1619 832 1693 bona
850 1621 944 1718 ipsa,
970 1624 1068 1696 nullo
1086 1626 1197 1722 pretio

139 1739 195 1814 vel
223 1739 292 1812 alio
318 1739 410 1816 dato
424 1739 507 1812 hinc
526 1738 628 1826 inde,
649 1738 752 1812 dehet
769 1740 897 1812 mulier
913 1741 1025 1837 primo
1043 1741 1196 1816 dividere

137 1856 228 1930 bona
249 1858 323 1954 ipsa
341 1858 377 1929 in
396 1857 483 1930 duas
501 1862 629 1953 partes,
649 1856 691 1928 de
709 1856 835 1951 quibus
851 1857 1019 1930 haeredes
1038 1882 1099 1932 seu
1117 1883 1197 1932 suc·

137 2000 295 2054 cessores
308 1979 370 2052 alii
384 1979 500 2055 mariti
518 1977 655 2074 eligunt
667 1977 733 2050 sibi
749 2001 866 2064 unam,
883 1985 919 2050 et
932 1979 1101 2074 reliquam
1117 2003 1194 2078 par·

135 2102 209 2170 tem
234 2095 402 2168 haeredes
427 2118 488 2168 seu
514 2117 736 2173 successores
757 2094 875 2168 mariti,
893 2095 1020 2168 dehent
1039 2095 1194 2175 dividere

138 2214 177 2285 in
202 2212 290 2286 duas
315 2217 455 2308 partes,
483 2234 631 2308 quarum
657 2233 762 2284 unam
788 2211 916 2292 mulier
933 2218 1046 2308 potest
1064 2214 1193 2310 eligere

131 2331 236 2428 juxta
249 2328 486 2402 votumldem
504 2335 662 2419 serretur
678 2327 716 2399 in
734 2325 881 2400 caeteris
899 2327 1194 2406 divisionihussi-

135 2445 232 2518 milis
250 2443 520 2520 communionis.

184 2559 271 2634 Cum
295 2564 471 2632 terraseu
497 2557 627 2632 fundus
645 2558 746 2632 datur
764 2583 827 2632 seu
845 2560 1047 2634 conceditur
1064 2561 1099 2636 iu
1118 2585 1194 2658 per·

99 2761 104 2770 ,
135 2680 280 2774 petrum
293 2674 400 2752 alicui
413 2679 449 2748 et
463 2675 537 2748 suis
551 2665 759 2748 haeredibus
772 2675 814 2748 ad
834 2675 1062 2750 laborandum
1080 2685 1119 2750 ut
1136 2701 1194 2751 oo-

136 2791 218 2864 lono
242 2791 428 2890 partiario,
447 2793 501 2864 vel
520 2792 561 2863 ad
579 2791 779 2888 pensionem
800 2793 834 2864 in
853 2793 1000 2889 pecunie
1018 2793 1072 2868 uel
1090 2793 1127 2866 in
1144 2796 1193 2868 vi·

136 2907 313 2981 etualihus
338 2907 609 2994 consistentem,
638 2907 829 2980 haeredum
853 2910 1038 3006 appellatio
1057 2916 1191 2984 tantum

135 3023 180 3096 ad
204 3023 456 3098 descendentes
484 3022 708 3110 extenditur,
722 3047 787 3096 neo
803 3033 948 3119 possunt
966 3024 1031 3122 ipsi
1049 3026 1194 3099 deseen-

135 3139 270 3228 dentes,
294 3139 354 3235 qui
371 3140 539 3212 haeredes
556 3144 651 3220 sunt,
672 3138 702 3210 si
720 3138 838 3236 plures
856 3147 951 3228 snut,
967 3141 1121 3215 dividere
1139 3144 1192 3215 in-

135 3262 189 3328 ter
207 3278 245 3328 se
259 3263 386 3329 terram
405 3256 515 3352 ipsam
533 3253 588 3328 rel
606 3255 752 3328 fundum
770 3257 844 3328 sine
863 3255 1040 3329 voluntate
1060 3258 1192 3331 domini

136 3378 249 3444 terrae
276 3371 331 3447 vel
349 3371 468 3461 lundi,
489 3395 554 3445 nec
571 3378 686 3468 potest
702 3394 790 3444 uror
806 3373 923 3445 coloni
941 3373 1092 3468 aliquam
1112 3375 1192 3448 inde

135 3494 292 3583 quartam
324 3496 442 3586 petere
462 3491 595 3566 ratione
614 3489 810 3584 quartaein
829 3489 929 3562 honis
946 3488 1014 3562 sibi
1032 3515 1051 3562 a
1069 3493 1193 3566 marito

136 3602 359 3683 constitutae.
