3098 5218
586 503 631 516 ...
650 461 761 536 83..

145 612 187 682 de
210 606 387 683 conrmuni
407 602 555 701 partium
575 599 767 683 voluntate,
784 606 830 686 et,
848 585 1115 695 ipsisl'ructibus
1129 606 1199 678 erri-

146 726 296 800 stimatis
316 747 379 797 seu
397 720 600 806 incantatis,
621 717 683 789 ille
701 717 885 814 partiarius
903 720 1049 794 colonus
1067 747 1129 797 seu
1146 726 1199 796 in-

143 838 298 935 quilinus
317 841 477 908 teneatur
496 838 531 904 et
549 829 674 902 debeat
690 829 856 926 colligere
874 838 909 904 et
927 835 1128 907 coadunare.
1142 860 1199 908 ea-

142 964 281 1030 staneas
300 976 434 1026 annuas
452 951 579 1022 ibidem
599 948 804 1034 existentes,
820 955 857 1019 et
869 949 1090 1023 medietatem
1109 953 1199 1049 ipsa·

141 1099 219 1147 rum
238 1080 479 1146 castanearum
496 1067 583 1139 bene
602 1066 714 1137 siccas
732 1064 774 1135 ad
793 1072 908 1161 gratas
925 1074 960 1138 et
973 1068 1015 1139 ad
1030 1092 1200 1166 expensas

144 1191 230 1264 dicti
257 1187 413 1286 partiarii
436 1190 596 1258 teneatur
625 1183 798 1256 adducere
825 1185 867 1256 ad
885 1185 1026 1260 domum
1050 1187 1195 1276 domini,

143 1309 244 1404 cujus
263 1313 316 1378 est
334 1305 426 1377 dicta
443 1311 555 1389 terra,
578 1303 678 1399 juxta
696 1300 875 1374 incautum
894 1302 976 1376 inde
994 1303 1145 1392 lactum,
1164 1312 1200 1378 et

142 1447 232 1496 anno
257 1421 412 1517 quolibet
436 1427 590 1516 ternpore
615 1418 863 1513 assignationis
888 1421 1060 1494 dictarum
1086 1429 1199 1495 casta-

143 1565 286 1614 nearum
305 1539 441 1611 solvere
460 1545 622 1608 teneatur
640 1537 682 1607 de
702 1560 766 1609 suo
785 1539 1096 1633 proprio'domino,
1117 1565 1197 1614 cnm

140 1681 208 1754 quo
238 1656 372 1727 detinet
402 1653 532 1725 dictam
563 1660 712 1739 terram,
738 1677 799 1749 pro
821 1656 901 1750 jure
918 1655 1085 1740 dominii,
1105 1659 1198 1754 quod

139 1775 328 1870 vulgariter
355 1773 390 1844 in
421 1774 589 1848 Surrento
621 1769 751 1844 dicitur
781 1795 842 1869 pro
872 1775 973 1870 lege,
997 1798 1103 1870 grana
1121 1777 1197 1849 anri
1249 1807 1250 1812 ¹

139 1892 313 1989 quinque,
341 1889 389 1960 ita
414 1894 533 1960 tamen
546 1886 586 1958 si
605 1887 848 1984 coadunantur
865 1889 901 1961 in
920 1890 1012 1966 dicta
1032 1897 1122 1964 terra
1140 1916 1197 1966 ca-

141 2015 276 2081 staneta
302 2009 445 2100 quartae
471 2010 549 2074 octo
572 2003 614 2074 de
638 2005 831 2091 castaneis,
852 2007 935 2078 etsi
955 2008 1196 2082 intradictam

137 2144 336 2197 mensuram
359 2119 576 2214 colliguntur
599 2124 782 2190 castaneae
808 2120 843 2190 iu
860 2119 955 2194 dicta
974 2126 1065 2194 terra
1084 2131 1196 2196 casta·

137 2247 236 2327 ncta,
261 2236 447 2334 partiarius
475 2234 622 2307 colonus
647 2257 709 2308 seu
734 2235 929 2330 inquilinus
952 2237 1064 2334 ipsius
1082 2247 1195 2314 terrae

137 2362 299 2430 teneatur
316 2355 398 2426 dare
418 2354 573 2441 domino,
589 2354 690 2450 cujus
709 2363 763 2426 est
781 2355 873 2427 dicta
891 2362 997 2444 terra,
1014 2358 1209 2432 annuatim

136 2497 242 2570 grana
260 2471 336 2544 auri
355 2469 423 2542 dun
442 2478 477 2541 et
495 2469 679 2542 dimidium
698 2476 833 2542 tantum
852 2494 913 2568 pro
927 2470 1025 2567 lege.'
1039 2472 1075 2548 Si
1095 2497 1198 2568 quer·

137 2597 280 2686 quatum
299 2595 372 2675 est,
393 2586 501 2660 simili
521 2587 623 2660 medo
641 2587 791 2660 debeant
807 2587 980 2660 incantari
998 2591 1142 2685 glandes
1161 2598 1197 2663 et

136 2708 250 2781 olivae
269 2707 303 2778 iu
320 2705 423 2777 terris
440 2704 643 2791 existentes,
654 2712 689 2776 et
703 2705 925 2778 medietatem
941 2706 984 2778 de
999 2707 1083 2803 ipsis
1097 2709 1195 2802 glan·

139 2824 241 2898 dibus
259 2823 418 2896 collectis
436 2845 495 2919 per
514 2821 718 2917 partiarium
744 2822 816 2917 ipse
839 2824 1024 2918 partiarius
1044 2825 1193 2898 colonus

135 2964 200 3015 seu
231 2939 427 3035 inquilinus
457 2937 606 3033 propriis
638 2937 834 3033 sumptibus
862 2939 1034 3013 adducere
1058 2943 1221 3014 classis

81 3134 84 3141 ,
135 3071 241 3154 gnare
260 3055 385 3128 debeat
398 3053 554 3139 dominc,
571 3075 652 3124 cnm
672 3076 739 3148 quo
754 3052 887 3126 detinet
904 3054 1033 3127 dictam
1051 3063 1191 3146 terram,

136 3174 179 3248 ad
198 3173 339 3246 domum
361 3193 460 3244 suam
475 3170 573 3266 juxta
593 3169 770 3241 incentum
797 3169 1052 3244 indefectam.
1076 3171 1191 3248 Simili

137 3292 239 3364 modo
261 3291 292 3362 si
310 3287 472 3362 ,sunt'ibi
494 3287 600 3374 dous,
621 3287 713 3394 quod
732 3296 892 3360 tencatur
910 3289 1042 3362 siccare
1061 3313 1138 3377 eas,
1159 3299 1208 3364 et.

136 3407 358 3480 medietatem
379 3405 420 3478 de
440 3405 525 3503 ipsis
552 3404 628 3476 ficis
653 3404 757 3477 siccis
777 3404 949 3478 adducere
968 3413 1002 3478 et
1016 3408 1193 3502 assignare

136 3523 262 3597 debeat
276 3523 318 3596 ad
338 3507 479 3596 domum
497 3521 633 3595 domini
657 3521 771 3593 dietae
789 3528 916 3593 terrae.
937 3523 985 3594 lle
1004 3525 1192 3619 praedictis

135 3638 334 3739 glandibus,
354 3638 431 3711 ficis
449 3644 485 3710 et
502 3637 604 3711 olivis
622 3638 759 3712 nullum
779 3637 875 3712 aliud
890 3640 948 3735 jus
967 3638 1049 3712 dare
1070 3641 1194 3714 debeat

135 3757 277 3832 domino
300 3756 415 3828 dictae
433 3761 559 3827 terrac.
