3098 5218
585 460 758 534 ..75-

143 613 214 680 tem
240 628 300 678 seu
327 604 476 699 aliquam
501 627 573 676 rom
598 626 639 676 ex
657 610 750 677 oerta
770 611 805 676 et
819 605 914 700 justa
933 624 1035 679 eausa
1054 601 1089 674 in
1104 599 1198 699 judi·

143 724 214 810 oio,
231 729 266 796 et
283 721 403 820 probat
419 725 553 794 tantum
571 743 632 819 per
648 733 757 794 unum
775 726 912 809 testem,
929 719 1020 816 quod
1038 719 1197 792 testimo-

144 840 243 914 nium
260 840 366 917 unius
383 837 482 912 testis
496 836 610 914 valeat
624 858 733 934 nsque
748 836 791 910 ad
807 859 979 913 summam
997 844 1196 910 tarenorum

140 957 249 1031 trium
266 964 302 1030 et
318 978 503 1054 granorum
520 955 721 1053 quindecim
740 979 819 1030 oum
837 964 1055 1030 sacramento
1077 962 1198 1051 peten-

142 1072 207 1161 tis;
232 1053 268 1146 et
291 1072 321 1144 ai
345 1072 406 1144 ilia
429 1071 577 1170 peounia
595 1071 650 1146 vel
675 1071 743 1144 otia
762 1095 816 1144 res
835 1073 973 1146 excedit
990 1071 1079 1148 ultra
1097 1094 1195 1144 sum·

141 1210 235 1259 mam
256 1194 456 1260 tarenorum
474 1187 580 1259 trium
598 1194 634 1259 et
648 1209 835 1282 granorum
854 1186 1076 1284 quindeoim,
1097 1186 1196 1258 testi·

141 1302 297 1376 monium
309 1327 411 1377 suum
421 1302 558 1376 nullum
571 1303 689 1376 aitneo
699 1302 983 1401 habeatvigorem
998 1303 1033 1376 in
1045 1302 1192 1400 judicio.

511 1537 666 1612 annam
690 1537 819 1628 van.

331 1770 386 1864 De
401 1782 607 1846 roeromooto
623 1773 762 1848 decisivo
773 1775 989 1869 proootoodo.
1049 1861 1051 1866 ,

186 2004 284 2094 Quod
308 2007 339 2080 si
362 2005 488 2103 aliquis
510 2005 614 2080 homo
638 2005 681 2080 de
698 2007 867 2083 Surrento
884 2008 1045 2104 proponit
1067 2016 1187 2083 eontra

139 2122 293 2219 aliquem
321 2122 364 2196 de
392 2123 559 2200 Surrento
587 2123 623 2196 in
648 2122 782 2219 iudioio
805 2125 860 2197 vel
884 2131 981 2198 extra
1000 2123 1185 2220 judioium,

139 2242 231 2337 quod
250 2249 411 2346 teneatur
428 2241 493 2314 sibi
513 2242 593 2317 dare
613 2240 764 2338 aliquam
778 2242 947 2340 pecuniae
960 2244 1189 2337 quantitatem

138 2359 194 2433 vel
213 2358 317 2431 aliam
335 2381 409 2432 rem
427 2381 468 2432 ex
487 2366 579 2432 oerta
597 2360 736 2455 etjusta
750 2381 854 2432 eausa
868 2359 904 2431 in
917 2359 1036 2434 libello
1049 2382 1113 2433 suo
1127 2360 1191 2434 de·

138 2477 295 2572 signata,
315 2484 351 2549 et
369 2477 429 2550 ille
447 2476 506 2551 oui
524 2476 631 2574 petita
649 2483 702 2550 est
718 2477 1025 2574 negat-proposita,
1047 2477 1138 2573 quod
1156 2478 1186 2551 si

138 2591 198 2666 illo
216 2593 276 2688 qui
293 2594 496 2690 petitionem
514 2593 686 2690 proponit,
704 2601 743 2668 ut
754 2593 886 2667 dietum
902 2599 973 2680 est,
990 2615 1058 2666 non
1074 2601 1190 2690 potest

138 2711 285 2808 probare
302 2736 375 2785 rem
393 2719 429 2785 et
443 2711 530 2809 petit
547 2712 614 2786 eibi
628 2713 704 2785 sseri
722 2719 976 2788 sacramentum
996 2711 1189 2786 denisivum

137 2828 172 2900 in
188 2829 323 2925 judicio
340 2829 394 2902 vel
413 2835 509 2902 entra
523 2829 695 2926 judicium
714 2852 733 2901 a
752 2837 918 2925 negante,
939 2828 1028 2923 quod
1050 2827 1110 2898 ille
1128 2829 1188 2925 qui

137 2946 274 3042 negavit
296 2953 456 3017 teneatur
479 2951 514 3017 et
531 2945 655 3019 debeat
671 2951 845 3041 praestare
863 2946 929 3019 sibi
948 2951 1186 3045 juramentum

137 3063 324 3136 deoisivnm
344 3065 386 3136 ad
403 3065 529 3139 Sancta
546 3064 605 3138 Dei
624 3064 808 3159 Evangelia
832 3088 904 3136 rem
930 3066 977 3138 ita
1001 3065 1074 3138 iore
1096 3068 1187 3140 sieut

137 3182 285 3278 negavit,
296 3205 362 3254 non
378 3182 534 3256 obstante
549 3182 664 3277 aliqua
675 3168 750 3276 le'ge
760 3181 842 3254 huio
854 3165 983 3256 stntnto
992 3185 1181 3256 contraria.

500 3419 654 3493 Ronnroa
677 3417 822 3491 varrr.

386 3653 435 3727 Do
446 3655 597 3749 portione
609 3655 715 3751 potito
726 3652 936 3748 perentitur.

182 3888 281 3978 Quod
299 3887 328 3960 si
347 3847 473 3984 alianis
490 3887 594 3958 homo
613 3885 717 3960 habet
735 3885 846 3958 filiurn
864 3883 919 3959 rel
938 3884 1046 3971 titios,
1064 3891 1100 3956 et
1119 3884 1183 3980 ipsi

137 4008 196 4082 tilii
215 4007 268 4082 vel
288 4006 414 4102 aliquis
431 4029 473 4078 ex
490 4005 542 4076 eis
559 4005 750 4100 portionem
764 4011 888 4103 petunt
901 4004 965 4077 sibi
984 4003 1057 4076 dari
1075 4010 1111 4076 et
1127 4027 1181 4076 as·

136 4124 263 4221 signari
279 4126 320 4200 de
340 4122 439 4198 bonis
451 4121 605 4220 paternis
618 4128 654 4196 et
669 4122 833 4204 maternis
846 4146 864 4197 a
878 4121 1077 4222 parentibus
1091 4124 1179 4209 snio,
