3098 5218
781 471 979 545 ...100-

347 629 379 695 et
395 623 425 693 si
441 615 576 715 quitibet
591 611 732 688 ornain
748 615 787 684 in
803 615 1031 696 instrumento,
1052 610 1136 705 quod
1152 611 1303 704 eanfled,
1325 611 1420 685 uite-

348 743 421 828 rius
437 734 651 810 instrumenti
666 732 807 828 conserti
820 753 882 824 per
898 729 1059 810 curialem
1071 729 1180 825 faeiat
1193 733 1410 816 mentionem,

348 867 379 930 et
396 856 436 928 de
451 851 548 926 oerio
565 850 610 924 od
623 848 755 921 uerbum
768 847 920 932 alterins,
933 847 973 919 de
986 867 1047 941 quo
1064 843 1105 938 tn
1116 847 1252 932 ruratio,
1265 855 1420 919 tenorem

347 974 489 1069 redipat,
509 970 593 1064 fides
604 968 707 1063 piena
724 966 825 1040 detur
842 967 1078 1048 instrumente,
1099 966 1137 1036 in
1154 984 1216 1058 quo
1233 965 1414 1061 redipitur‚

343 1091 484 1186 perinde
501 1111 540 1159 oe
554 1088 583 1158 si
599 1088 869 1168 instrumentum,
884 1081 924 1154 de
940 1103 1001 1176 quo
1017 1080 1057 1174 pit
1074 1083 1208 1168 mentio,
1220 1094 1414 1176 appareret,

349 1215 400 1283 ita
416 1209 572 1282 tamensi
590 1209 691 1280 trium
709 1215 757 1278 est
773 1205 953 1278 curialium
975 1203 1269 1300 subscriptionibus
1286 1205 1422 1278 instru-

350 1335 496 1398 mentum
514 1321 714 1405 roboratum,
735 1323 773 1392 in
789 1342 850 1414 quo
867 1321 1007 1393 ulterius
1018 1320 1058 1414 fit
1074 1323 1208 1405 mentio,
1224 1322 1311 1392 siout
1325 1343 1419 1393 eom·

276 1479 277 1482 ¹
350 1445 497 1516 muniter
514 1440 554 1534 dt
571 1443 608 1512 in
626 1439 703 1511 aiiis
721 1440 965 1523 instrumentis,
981 1460 1063 1532 puae
1078 1461 1139 1530 per
1157 1437 1304 1510 auriaies
1324 1437 1418 1533 fiunt

353 1570 384 1633 et
400 1556 665 1630 subscribuntur.

401 1677 628 1750 Consunrnoo
653 1674 1041 1747 vt11.-tosrronemo
1068 1674 1301 1761 donationum,
1327 1674 1421 1747 obia-
1539 1723 1540 1726 π

353 1798 477 1868 tionum
494 1804 525 1866 et
533 1794 814 1887 permutationum
827 1793 999 1886 firmitatis
1012 1791 1156 1886 aiicujus
1169 1791 1301 1864 nulium
1314 1791 1418 1864 robur

354 1909 533 1989 obtineant,
550 1909 619 1978 nisi
634 1908 685 1978 rei
701 1907 856 1992 donatae,
873 1907 1001 1979 oblatae
1019 1915 1050 1979 et
1064 1914 1275 2000 permutatae
1287 1928 1420 2000 posses·
1540 1973 1541 1980 ,

354 2029 403 2100 sio
421 2027 611 2120 peruenerit
639 2023 684 2096 od
705 2023 919 2096 donatoriam
934 2023 985 2094 oet
1002 2023 1045 2096 od
1063 2044 1156 2107 eum,
1178 2024 1235 2095 eui
1250 2022 1371 2095 obtutio
1389 2033 1423 2096 et

355 2166 430 2215 eune
445 2164 506 2236 pao
519 2141 719 2235 permutatio
734 2140 828 2236 saeta
846 2151 975 2226 estnec
988 2141 1223 2234 praesumitur
1234 2140 1329 2235 saeta
1346 2148 1420 2212 tro·

355 2260 436 2333 ditia
461 2280 523 2352 per
552 2257 632 2342 boa,
660 2257 745 2351 quod
773 2258 811 2326 in
832 2257 913 2350 ipsis
936 2257 1165 2328 instrumentis
1187 2256 1417 2344 donationum,

356 2379 556 2452 oblationum
579 2385 610 2448 et
628 2377 910 2470 permutationum
927 2377 1117 2446 continetur
1134 2375 1349 2448 traditionem
1365 2377 1422 2471 [αἱ

357 2499 445 2567 otone
463 2516 543 2566 esse.
890 2505 893 2512 '

408 2611 545 2683 Furono
570 2609 626 2680 dal
645 2608 800 2681 Chiarito
818 2610 950 2682 riferite
968 2609 1000 2680 le
1019 2608 1128 2704 prime
1147 2610 1265 2706 parole
1284 2610 1317 2682 di
1338 2633 1423 2707 que-

359 2735 411 2800 sta
431 2726 569 2799 rubrica
583 2725 642 2797 Xil
662 2749 681 2798 e
699 2726 849 2796 secondo
869 2725 892 2797 il
912 2749 976 2798 suo
995 2726 1110 2798 antico
1130 2727 1250 2800 oodiao
1269 2750 1349 2800 esse
1367 2752 1423 2801 sa-

361 2844 505 2917 rebbero
536 2844 794 2916 tostmnemon
821 2844 994 2917 divisionis
1025 2843 1242 2916 eurioiiseam
1270 2846 1354 2940 qued
1385 2849 1423 2920 in

361 2961 523 3035 Surrento
537 2962 653 3032 mersis
670 2952 794 3033 dieitur
808 2960 864 3056 (i);
878 2983 932 3031 roa
948 2960 1005 3031 noi
1021 2957 1225 3060 preferendo
1238 2960 1272 3033 la
1287 2962 1421 3036 lenione

365 3077 420 3149 dol
450 3078 675 3150 nsanosoritto
693 3076 840 3149 Votietta
864 3076 1022 3150 abbiamo
1046 3100 1228 3174 soppresso
1251 3076 1286 3150 lo
1305 3080 1424 3176 porola

318 3221 321 3226 ·
362 3197 596 3283 auriolisoum,
622 3195 748 3294 perohb
772 3197 802 3268 oi
826 3199 844 3268 i
863 3202 984 3292 peroio
1003 3219 1120 3268 essere
1139 3196 1194 3270 οἱὸ
1212 3197 1248 3270 in
1267 3199 1422 3270 armonio

364 3339 429 3389 ooo
461 3316 602 3387 l’intoro
629 3323 750 3386 tenore
781 3314 872 3387 delle
903 3314 1155 3388 consuetudini
1173 3316 1390 3403 sonantius,
1412 3317 1423 3389 i

364 3433 420 3505 eui
441 3431 658 3527 compilatori
676 3428 802 3502 ebbero
816 3455 900 3504 eura
914 3432 948 3502 di
963 3456 1031 3505 non
1050 3433 1119 3503 moi
1138 3432 1313 3505 ricordara
1332 3433 1344 3504 i
1364 3456 1425 3507 ou·

365 3548 444 3620 riuti
470 3571 488 3619 o
507 3548 542 3617 di
564 3571 631 3619 non
651 3547 899 3642 comprendere
918 3547 975 3619 nel
993 3549 1069 3620 loro
1087 3554 1177 3624 testo
1197 3553 1288 3622 tutte
1308 3551 1424 3644 quelle

244 3665 247 3674 “
365 3665 616 3739 Consuetudini
635 3666 669 3736 di
688 3663 823 3761 Napoli‚
843 3666 935 3738 nelle
954 3666 1048 3762 quali
1067 3667 1247 3740 de’ouriali
1261 3689 1279 3740 e
1295 3667 1424 3742 de'loro

367 3783 428 3856 atti
448 3783 478 3854 si
497 3783 707 3854 disoorreva.

405 3945 439 4019 it)
451 3943 571 4002 Cbierito
589 3944 721 4020 (Antonio)
740 3941 1428 4021 Camerio-istorisamnitico-diplomaticosulla

371 4046 567 4102 Costitunione
585 4043 621 4102 de
633 4046 836 4102 instrumentis
851 4035 1038 4117 conficiendis
1048 4061 1104 4121 per
1118 4042 1248 4102 curiales
1262 4041 1428 4119 dett’impe·

369 4142 465 4200 rador
480 4141 637 4216 Foderr'pm
651 4159 714 4217 pag.
732 4150 777 4202 se
792 4147 807 4200 6
821 4142 927 4217 turpati
946 4145 1027 4218 riti,
1042 4145 1067 4200 in
1083 4143 1151 4217 t.⁰i.
