3116 5214
805 439 982 514 ..36-

236 686 240 691 ¹
361 588 417 669 te,
437 585 550 678 potest
572 579 660 652 illud
684 579 761 676 jure
785 578 879 659 liuali
897 585 1014 675 petere
1031 587 1067 654 et
1083 579 1209 656 habere
1227 605 1306 658 oum
1322 585 1424 681 Justo

361 700 478 797 pretio
497 697 576 770 inde
595 695 721 770 soluto.

751 929 907 1003 Rusnrou
922 929 1023 1004 XVll.

357 1173 474 1268 loquo
497 1197 578 1246 cusu
594 1182 698 1246 stetur
714 1174 799 1247 dieto
816 1174 922 1246 uoloni
934 1175 1108 1270 partierit,
1125 1174 1296 1270 inquilini,
1314 1181 1347 1246 et
1364 1195 1422 1246 co·

411 1293 480 1366 loni
503 1294 661 1389 simplicis
681 1295 747 1366 siue
774 1296 915 1367 tenentis
941 1303 1066 1366 terram
1091 1294 1135 1366 od
1160 1316 1309 1367 annuum
1333 1315 1421 1388 peu·

408 1412 532 1483 sionem
549 1411 788 1506 praestandum
809 1412 847 1481 iu
865 1410 1026 1504 pecunia,
1050 1407 1246 1482 victualibus
1267 1408 1318 1481 uel
1339 1408 1420 1480 uliis

408 1527 517 1599 rebus.

405 1762 443 1836 Si
474 1766 527 1833 est
549 1760 706 1855 quaestio
730 1759 820 1830 inter
841 1758 978 1856 aliquos
1005 1761 1099 1833 cives
1120 1759 1297 1845 Surrenti,
1324 1761 1417 1854 quod

358 1878 445 1950 lorte
468 1901 558 1949 unus
583 1875 764 1971 prohibeat
789 1876 844 1949 vel
871 1877 957 1948 alter
975 1876 1142 1973 impediat
1160 1877 1333 1948 culturam
1346 1884 1418 1948 ter-

357 2017 434 2078 rae,
455 1993 508 2066 vel
533 1991 792 2088 perceptionem
816 1991 1012 2078 fructuum,
1032 1992 1087 2066 rel
1106 1993 1210 2063 etiem
1229 1993 1415 2089 pensiones
1435 2057 1438 2065 .

357 2117 470 2181 terrae
489 2110 544 2181 vel
564 2109 707 2194 domus,
729 2113 764 2178 et
777 2108 888 2194 alius,
908 2108 943 2179 in
962 2110 1061 2206 cujus
1079 2108 1329 2204 praejudicium
1349 2109 1433 2180 hoo.

357 2228 432 2298 fieri
456 2226 602 2310 dieitur,
622 2225 742 2297 veniat
759 2226 800 2296 cd
817 2224 990 2321 judicium
1009 2249 1089 2297 oum
1107 2225 1270 2321 partiario
1289 2226 1415 2298 colono

355 2343 411 2417 vel
430 2343 613 2440 inquilino,
636 2348 756 2414 vocato
772 2341 997 2438 adjudicium
1012 2365 1065 2429 eo,
1083 2341 1143 2436 qui
1162 2342 1291 2413 dicitur
1306 2344 1415 2438 impe·

355 2461 548 2529 dimentum
572 2465 765 2553 praestare,
791 2465 972 2553 praesente
997 2458 1051 2530 vel
1075 2480 1135 2553 per
1158 2459 1414 2530 contumaciam

355 2575 516 2660 absente,
538 2576 612 2646 sine
633 2574 753 2646 libello
771 2581 806 2645 et
824 2575 989 2670 petitione
1009 2576 1142 2671 aliqua,
1163 2577 1214 2664 si,
1237 2578 1340 2650 tactis
1359 2600 1416 2649 se·

355 2693 545 2766 crosanctis
559 2693 769 2788 Evangeliis,
786 2694 971 2788 partiarius
986 2695 1130 2767 colonus
1144 2693 1198 2768 vel
1217 2694 1414 2790 inquilinus

354 2812 555 2906 interrogati
575 2834 635 2907 per
648 2811 784 2908 judices
803 2811 921 2884 dicant
939 2836 977 2884 se
995 2837 1072 2887 esse
1093 2813 1295 2910 partiarium
1319 2813 1415 2884 colo-

355 2954 438 3001 num
456 2929 510 3003 vel
531 2931 740 3025 inquilinum
758 2933 852 3028 ejus,
875 2933 911 3003 iu
928 2935 1026 3030 eujus
1045 2932 1298 3030 praejudicium
1327 2931 1413 3005 dici-

354 3053 413 3119 tur
427 3049 620 3120 molestiam
632 3048 719 3135 lueri,
729 3049 784 3122 vel
798 3049 984 3122 adversarii
1002 3051 1199 3122 molestiam
1214 3049 1409 3139 inferentia,

354 3165 429 3262 ejus
447 3166 539 3236 dioto
559 3171 669 3237 statur
684 3171 849 3260 quantum
866 3167 908 3237 ad
922 3167 989 3239 hoo
1006 3173 1156 3254 tantum,
1175 3174 1212 3240 ut
1226 3167 1410 3240 mandetur
1468 3215 1477 3232 .

354 3283 386 3354 ei
412 3307 473 3378 per
492 3282 646 3378 judices,
668 3282 758 3376 qnod
777 3282 982 3379 respondeat
1000 3286 1041 3355 de
1060 3284 1247 3371 fructibus,
1269 3284 1413 3357 redditi-

355 3397 419 3470 bus
436 3404 471 3468 et
487 3397 653 3492 pensione
671 3397 721 3468 rei
740 3396 806 3484 illi,
828 3401 928 3497 cujus
945 3421 982 3470 se
1002 3422 1079 3471 esse
1097 3399 1182 3472 dicit
1200 3401 1411 3496 inquilinum

354 3514 556 3610 partiarium
578 3513 633 3586 vel
663 3514 844 3600 colonum,
867 3521 903 3586 et
926 3516 1119 3609 quaestioni
1137 3517 1358 3612 proprietatis
1377 3524 1412 3588 et

352 3631 582 3728 possessionis
599 3637 710 3702 terrae
725 3632 780 3704 rel
795 3635 916 3704 domus
933 3632 1028 3704 nullo
1044 3657 1102 3729 per
1117 3634 1183 3705 hoo
1196 3633 1411 3730 praejudicio

353 3747 720 3844 generandozsedjure
730 3749 886 3844 quolibet
896 3756 1079 3846 tamsuper
1090 3749 1297 3846 proprietate
1307 3773 1410 3845 quam

353 3867 571 3962 possessione
590 3865 725 3959 utrique
744 3866 831 3961 parti
856 3866 987 3960 integre
1006 3873 1200 3951 reservam,
1221 3889 1356 3938 necnon
1375 3862 1429 3938 et'

222 4025 229 4040 -
350 3984 442 4079 jure,
462 3985 552 4078 quod
571 3984 666 4055 lasso
684 3984 849 4080 competit
861 3985 916 4056 rel
938 3992 1131 4081 competere
1154 3991 1267 4082 potest
1288 3993 1410 4057 contra

353 4100 556 4197 partiarium
575 4103 738 4176 colonum
752 4103 807 4178 vel
822 4104 1032 4199 inquilinum
1047 4110 1186 4202 propter
1199 4104 1405 4201 perjurium,
