3098 5218
791 485 965 561 -78-

352 623 469 721 quitus
494 621 561 696 tuit
578 627 673 718 porta
691 622 964 712 caussintmndi
981 631 1017 696 et
1032 621 1182 697 exeundi
1205 622 1249 696 ad
1268 625 1411 723 aliquas

352 743 474 814 dumos
492 763 633 812 eurum:
654 739 720 813 hou
736 747 852 813 tamen
871 740 1000 828 addito,
1016 741 1108 836 quod
1128 740 1158 814 si
1171 740 1287 838 aliqua
1305 753 1409 840 porta
1528 784 1529 858 t

350 881 412 931 seu
443 862 602 954 apertura
635 854 760 929 fuisset
785 855 948 930 fabricatu
976 857 1021 929 ad
1046 855 1177 932 calcem
1202 859 1404 954 quindecim
1528 877 1529 902 ¹

350 974 492 1061 diebus,
517 957 587 1045 uon
610 972 721 1069 possit
741 973 874 1071 aperire
896 995 959 1048 seu
978 973 1104 1070 aperiri
1122 973 1238 1048 tacere
1257 976 1405 1065 ibidem3
1528 1007 1529 1020 ¹

349 1099 464 1164 tamen
486 1088 576 1161 inim
593 1088 793 1185 quindecim
813 1088 887 1164 dies
904 1089 951 1162 sit
968 1089 1104 1164 licitum
1120 1089 1154 1164 ei
1171 1091 1305 1188 aperire
1325 1117 1406 1168 eam
1525 1025 1529 1214 i

349 1216 385 1282 ut
402 1208 514 1282 tacere
534 1205 581 1280 ibi
598 1213 731 1306 portam
750 1207 842 1282 sicut
858 1213 958 1284 antea
977 1207 1103 1284 tuerat.

710 1445 866 1520 Ruumcu
890 1443 1036 1519 LXXIII.

421 1681 472 1753 Du
483 1681 527 1752 iis
543 1681 600 1774 qui
617 1675 737 1752 tabent
752 1678 840 1750 vium
852 1699 915 1773 per
931 1687 1055 1751 terrum
1071 1679 1211 1754 atterius
1227 1682 1327 1756 suncti

598 1805 632 1870 et
647 1795 809 1869 redeundi
826 1795 871 1869 ud
888 1804 1012 1869 terrum
1027 1819 1135 1870 suam.

394 2030 432 2107 Si
450 2030 577 2126 aliquis
595 2030 698 2103 homo
716 2030 758 2101 de
775 2029 944 2105 Surrento
961 2028 1066 2103 habet
1083 2029 1236 2128 aliquam
1255 2040 1397 2125 terram,

346 2154 382 2222 et
398 2155 494 2222 tenet
510 2153 545 2219 et
561 2146 818 2245 possidemus,
840 2154 875 2218 et
892 2145 996 2218 hahet
1012 2146 1102 2220 viam
1120 2171 1182 2244 peu
1198 2149 1289 2224 viam
1311 2154 1400 2228 alts-

343 2267 416 2339 rius
430 2263 582 2338 hominis
597 2263 702 2336 eundi
716 2271 752 2335 et
764 2262 931 2337 redeundi
942 2262 1120 2336 addictam
1134 2270 1262 2339 temam
1280 2290 1396 2359 suum,

342 2391 378 2455 et
400 2381 490 2454 dicta
517 2389 606 2453 tuma
630 2404 692 2452 suu
710 2386 763 2451 est
780 2402 859 2451 cum
878 2377 1106 2476 mamutius,
1128 2381 1158 2454 si
1177 2383 1400 2482 contingeret

339 2499 430 2598 quod
459 2500 541 2583 ille,
575 2497 633 2591 qui
661 2494 766 2568 habet
787 2496 878 2568 viam
902 2517 962 2591 per
978 2502 1106 2569 temam
1128 2498 1229 2573 illius
1250 2503 1397 2578 alterius
1489 2573 1492 2576 .

340 2613 491 2690 hominis
521 2612 627 2684 eundi
658 2617 693 2682 et
723 2607 891 2681 redeundi
920 2609 962 2682 ad
982 2610 1108 2684 dietam
1129 2619 1394 2706 terramlsuam,

340 2732 426 2807 velit
455 2732 566 2828 ipsam
597 2735 723 2800 temam
747 2725 897 2798 vendere
920 2735 957 2799 et
978 2726 1130 2800 alienare
1148 2753 1212 2803 seu
1230 2732 1266 2804 in
1286 2733 1395 2808 ulium

339 2847 541 2932 transferre,
558 2843 648 2941 quod
666 2844 696 2915 si
715 2844 788 2940 ipse
807 2842 902 2915 solus
921 2842 1025 2916 habet
1043 2845 1122 2918 inde
1141 2847 1244 2935 viam,
1266 2851 1397 2925 medie·

339 2977 394 3042 tas
420 2964 530 3063 ipsius
555 2963 630 3036 viae
657 2961 781 3034 debeat
803 2959 1092 3036 mensuraricum
1112 2964 1205 3039 diota
1222 2973 1313 3042 tuma
1333 2993 1395 3067 peu

340 3107 421 3156 eum
446 3081 602 3166 vendita3
629 3084 665 3150 et
688 3077 717 3149 si
735 3077 853 3174 plures
871 3078 999 3152 habent
1016 3081 1096 3154 inde
1114 3081 1218 3170 viam,
1239 3107 1300 3180 pro
1320 3094 1394 3182 rata

339 3199 432 3274 sicut
462 3195 627 3271 acciderit
657 3193 722 3266 sibi
754 3193 878 3268 debeat
907 3196 1101 3268 mensurari
1124 3198 1179 3270 uia
1202 3201 1390 3297 praedicta:

339 3317 407 3391 hoc
423 3322 540 3388 tamen
558 3310 694 3397 addito,
714 3312 804 3406 quod
822 3311 852 3383 si
871 3311 963 3385 dista
980 3320 1084 3401 terra,
1105 3337 1193 3410 quae
1211 3308 1313 3391 uendi
1331 3318 1394 3393 de·

337 3432 410 3520 bet,
428 3453 498 3503 non
515 3435 569 3500 est
586 3449 667 3501 cum
685 3426 739 3500 via
758 3426 896 3524 publica
909 3429 980 3501 sive
999 3417 1114 3502 cessat
1131 3454 1207 3504 esse
1225 3433 1268 3506 ad
1288 3433 1393 3511 finem

337 3549 414 3624 viae
439 3545 619 3645 publicae,
644 3542 704 3617 illa
726 3544 782 3618 via
805 3543 848 3617 ad
867 3543 969 3616 finem
987 3545 1133 3621 alterius
1152 3547 1304 3623 hominis
1322 3575 1392 3628 non

337 3666 440 3741 dehet
468 3664 678 3751 mensurari,
699 3669 735 3736 et
762 3661 870 3758 gratis
886 3670 922 3737 et
938 3664 1087 3759 gratuite
1113 3665 1216 3742 debet
1235 3667 1390 3744 exhiberi

261 3814 263 3820 ·
338 3771 535 3881 emptoris
628 3839 630 3846 .

385 3899 483 3990 Quod
501 3898 530 3970 si
544 3897 672 3994 aliquis
688 3899 790 3972 homo
802 3896 907 3971 hahet
919 3897 1009 3972 viam
1024 3920 1083 3995 per
1096 3906 1223 3974 temam
1239 3903 1389 4002 alicujus

338 4019 443 4092 eundi
470 4023 506 4091 et
530 4018 698 4091 redeundi
725 4020 766 4090 ad
793 4039 907 4092 casam
933 4041 1050 4105 suum,
1076 4021 1167 4115 quud
1191 4021 1274 4094 siin
1297 4022 1389 4098 dicta

339 4157 424 4208 oasa·
443 4155 505 4208 sua
531 4142 584 4207 est
608 4134 732 4207 domus
756 4157 817 4206 seu
838 4135 1050 4230 pulmentum
1068 4157 1147 4209 cum
1174 4139 1389 4234 suscepturis
1451 4129 1468 4232 ’,
