3098 5218
462 523 465 532 ’
569 490 769 564 -103-

190 637 415 712 (1010111110
441 634 467 703 1.
489 675 530 692 -
547 629 614 703 Pro
628 633 787 724 pensione
803 631 928 715 domos,
948 645 1072 716 terrae,
1094 643 1203 707 terra-

141 756 213 841 tici,
231 754 330 850 pinli
346 751 397 826 nel
412 749 551 822 alterins
564 750 790 842 possessionis,
810 757 844 820 et
862 747 940 820 aliis
954 752 1095 844 proinele
1112 751 1201 824 debi-

141 873 207 955 tis,·
235 873 313 942 item
336 891 397 963 pro
426 867 506 938 bene
530 864 723 936 laborandis
747 874 779 936 ct
802 865 947 938 oolenlis
971 869 1090 950 terris,
1115 880 1147 940 et
1164 878 1203 940 nt

140 987 333 1082 competenti
355 994 496 1078 tompore
519 982 734 1055 laborationis
757 983 933 1069 disentiat,
959 993 991 1055 et
1008 985 1097 1071 alia,
1119 1007 1204 1078 qnae

139 1115 219 1177 ssent
235 1105 425 1177 necessario
438 1103 482 1175 ool
496 1101 748 1197 apricnltnram,
760 1101 903 1196 saciant,
913 1109 945 1173 et
960 1101 1132 1197 frnctnnm
1150 1126 1203 1175 re·

140 1222 379 1305 collectionem,
408 1228 441 1291 et
458 1242 520 1313 pro
537 1218 668 1290 domnis
685 1217 790 1288 illotis
805 1220 844 1288 in
861 1219 962 1288 terris
979 1221 1060 1311 ipsis
1073 1241 1137 1312 per
1152 1217 1203 1290 lo·

141 1339 307 1410 boratores
330 1340 417 1432 ipsos
441 1347 473 1410 et
496 1337 579 1409 alios
596 1337 635 1408 sle
652 1337 796 1429 ipsoram
814 1335 973 1431 familiis,
998 1339 1066 1408 sice
1090 1359 1202 1408 eornm

141 1455 353 1543 animalibus,
370 1457 497 1527 licitam
510 1465 541 1526 et
553 1456 751 1548 permissrsm
765 1465 812 1525 est
825 1455 954 1526 elomino
968 1457 1116 1548 ipsoram
1136 1465 1203 1544 ter·

141 1595 258 1644 rernm
279 1581 310 1644 cl
332 1574 499 1644 slornornm
515 1571 565 1643 sel
578 1571 758 1666 possessori
776 1573 972 1642 sonctoritate
987 1574 1124 1664 propria
1139 1592 1202 1665 per

140 1714 174 1762 se
198 1700 231 1763 et
257 1690 340 1762 alios
361 1693 543 1785 pipnorare
571 1691 718 1774 colonos,
740 1691 939 1784 inquilinos,
961 1689 1149 1763 laborantes
1169 1700 1202 1762 et

135 1809 362 1902 portionarios
383 1808 515 1880 colonos
532 1831 656 1881 eornm.

187 1921 413 1998 (1011011010
431 1925 486 1996 IV.
496 1969 539 1984 -
554 1925 687 2020 Bojnlis
702 1926 844 2022 Neapoli
862 1951 929 2000 non
945 1937 993 2000 est
1010 1928 1202 2000 1111101111-

138 2040 283 2112 eandam
301 2039 580 2114 Gonsnctnalinem
593 2039 750 2136 Neapolis
763 2043 881 2137 abspne
898 2043 1033 2116 licentia
1050 2045 1203 2137 jndicem

139 2155 282 2250 elianam
299 2159 480 2252 pipnarore
496 2157 547 2229 rel
562 2158 675 2252 faeere
690 2161 878 2253 pipnorari.

187 2388 301 2485 19)Ρ.
322 2389 380 2463 33.
402 2413 435 2463 v.
456 2393 490 2464 9.
513 2391 579 2481 (De
595 2395 675 2487 jore
697 2394 852 2488 conponi)
868 2431 916 2446 —
934 2393 972 2463 ln
1000 2394 1050 2464 sei
1080 2395 1156 2489 copi
1183 2398 1202 2466 ὲ

138 2509 263 2606 partita
292 2515 413 2605 questa
433 2509 589 2597 rubrica,
615 2511 781 2582 oiosouno
801 2509 954 2604 dc'quoli
978 2511 1208 2608 corrisponde'
1287 2611 1291 2617 ⁵

139 2624 181 2694 ad
205 2649 273 2696 nna
298 2624 391 2697 delle
415 2625 465 2696 sei
492 2625 746 2699 consuetudini
771 2625 806 2696 di
825 2625 946 2722 Napoli
973 2628 1028 2698 del
1048 2628 1202 2699 decimo·

138 2742 278 2814 settimo
303 2741 404 2814 titolo
423 2742 471 2814 De
485 2745 566 2836 jnre
583 2746 742 2839 oonprni,·
769 2766 824 2814 mo
843 2766 911 2814 non
931 2743 1041 2839 poche
1059 2767 1145 2815 sono
1167 2743 1201 2816 le

138 2857 286 2932 varianti
316 2858 381 2930 cho
411 2860 441 2930 si
472 2881 658 2932 osssrvsno
683 2866 736 2930 tro
763 2867 928 2953 questos
954 2859 1071 2956 quelli.
1101 2859 1201 2932 Nelln

139 2977 250 3071 prima
268 2975 530 3048 Consuetudinc
548 2976 722 3073 leggiamo
748 2977 927 3072 dapprima
946 2999 1073 3050 annum
1097 3001 1203 3052 annm

139 3095 260 3166 invene
286 3093 322 3163 di
348 3094 428 3165 areos
452 3115 597 3179 menses,
625 3092 682 3189 poi
695 3104 795 3187 prant
811 3095 1000 3187 appretiata
1015 3093 1120 3187 faerit
1140 3117 1202 3187 per

138 3212 376 3305 appretiatores
399 3207 558 3304 Neapolis
584 3208 704 3281 invoco
729 3209 762 3280 di
788 3233 863 3281 cnm
875 3212 983 3304 pretio
999 3210 1078 3282 inde
1098 3209 1200 3284 solnta

138 3329 177 3398 in
198 3329 250 3399 rei
271 3328 409 3399 scritate
426 3337 457 3399 ct
473 3328 585 3422 sarcre
601 3327 725 3400 caindo
736 3326 906 3420 poblicum
923 3336 954 3398 et
973 3325 1202 3420 firmissimum

139 3448 416 3532 instromentnm,
443 3469 462 3517 1
487 3447 530 3548 do
553 3446 677 3518 ultima
696 3446 731 3517 di
749 3467 863 3520 nuovo
882 3447 916 3518 11
933 3447 1051 3542 [111011
1072 3469 1200 3519 ennam

141 3563 176 3633 in
195 3562 297 3656 luogo
315 3563 349 3633 di
367 3564 448 3636 dnos
464 3585 604 3636 menses.
624 3562 742 3635 Anohc
761 3562 867 3634 intre
886 3562 1007 3658 luoghi
1025 3565 1044 3634 1
1063 3561 1198 3635 diversa

139 3679 172 3751 la
190 3678 368 3751 locucions
386 3680 479 3750 della
497 3679 647 3753 soconda
666 3680 928 3753 Consuetudine
943 3679 986 3750 dn
1006 3679 1122 3775 quella
1142 3679 1198 3751 del

140 3796 290 3869 secondo
307 3819 406 3893 copo,
421 3797 547 3893 percha
565 3799 652 3873 dove
670 3798 761 3871 nollo
777 3797 1039 3870 consuetudine
1055 3798 1083 3868 si
1100 3797 1197 3894 leggc

140 3926 233 3988 terra
249 3909 422 3988 Ecclesiae
443 3916 492 3988 oel
514 3925 606 3990 terra
624 3917 767 4013 olicnjas
784 3917 902 3988 rnstioi
918 3918 985 3988 sine
1002 3915 1200 3987 habitatoris

139 4029 322 4126 Neapolis,
351 4035 408 4126 qni
430 4054 498 4105 non
522 4034 566 4106 sit
587 4033 710 4105 liberae
726 4034 941 4119 conditionis,
964 4032 1057 4103 nella
1079 4039 1196 4104 nostra

140 4149 278 4222 rubrica
294 4153 313 4221 1
332 4149 452 4222 scritto
469 4151 520 4223 ccl
537 4161 629 4223 terra
647 4151 789 4244 alionjns
807 4151 926 4223 rostioi
943 4152 1010 4221 sice
1027 4170 1094 4221 non
1106 4149 1197 4221 leobi-
