3116 5214
433 594 486 676 IN
516 578 714 677 NOMINE
745 592 930 676 DOMINI

391 1066 634 1128 CONSUETUIJINES
651 1063 801 1126 ClVlTlTlS
818 1064 968 1126 SURRENII

444 1170 642 1215 concinuere
657 1169 697 1212 nr
711 1167 914 1212 upenonunun

433 1271 495 1317 ean
524 1239 747 1316 nucronnur'rs
775 1271 923 1317 sunrcrun

361 1373 560 1419 sunnurssmr
574 1371 731 1420 enincrers
746 1372 861 1418 cunoni
875 1371 1011 1418 saccum

589 1479 644 1523 DEI
663 1477 779 1523 cuam

312 1583 516 1630 IIIERUSALENI
537 1583 577 1629 ET
599 1583 735 1629 SICILIAE
759 1583 853 1630 REGIS
876 1577 1038 1629 ILLUS'I'IIIS

597 1795 754 1803 —m—

196 2351 339 2424 Carolus
364 2337 546 2426 Secundus
565 2353 626 2423 Dei
649 2352 759 2446 gratia
776 2352 991 2426 Hierusalem
1010 2360 1046 2427 et
1063 2350 1204 2427 Siciliae

145 2471 236 2555 Rex,
256 2469 409 2542 oreatus
427 2468 570 2565 Apuliae
590 2476 625 2540 et
642 2469 860 2567 principatus
884 2469 1039 2567 Capuae,
1066 2469 1207 2545 Provin-

145 2587 233 2672 ciae,
255 2593 291 2658 et
307 2585 541 2681 Foroalquerii
560 2608 599 2658 ac
618 2585 832 2659 pedimentis
850 2585 985 2660 Comes.
1020 2631 1021 2634 =

192 2705 241 2778 Ad
260 2712 459 2800 perpetuam
480 2703 530 2776 rei
551 2703 767 2776 memoriam.

194 2818 275 2892 Orta
289 2819 332 2892 de
346 2828 438 2891 terra
453 2817 593 2906 veritas,
615 2817 778 2892 salsitatis
796 2819 932 2894 aemula
951 2827 986 2892 et
1004 2821 1205 2918 simplieita-

146 2936 191 3009 tis
210 2939 331 3024 amica,
353 2937 544 3010 nonhabet
562 2938 709 3032 angulos
728 2962 792 3010 neo
811 2939 896 3011 latet
912 2937 976 3012 sub
996 2939 1123 3024 modio,
1143 2938 1205 3012 sed

146 3051 182 3124 in
202 3053 295 3124 omni
313 3053 367 3124 sui
387 3058 483 3149 parte
502 3050 696 3123 consistens
713 3052 838 3124 uariari
858 3053 978 3124 eadem
998 3051 1140 3148 refugit,
1155 3053 1204 3124 al·

145 3175 252 3248 terari
266 3173 415 3271 repellit.
433 3173 523 3272 Ipsa,
539 3172 640 3268 cujus
659 3177 712 3246 est
728 3171 875 3268 simplex
889 3172 1012 3260 oratio,
1031 3171 1127 3268 fugat
1141 3173 1210 3278 du‘z

145 3291 311 3389 plicitatis
329 3290 524 3375 involucra,
541 3287 681 3384 repellit
697 3277 892 3362 commenta
912 3288 1097 3372 mendacii,
1114 3287 1203 3360 fictis

67 3433 69 3440 ’
145 3431 183 3481 se
202 3408 339 3495 obiicit,
360 3415 396 3480 et
412 3404 585 3478 simulatis
603 3429 664 3502 per
682 3404 899 3478 obstaculum
919 3404 1204 3479 contradictionis

46 3555 48 3562 ’
146 3523 304 3613 obstetit;
324 3532 360 3598 et
378 3524 458 3596 dum
477 3523 570 3594 sicut
592 3544 671 3619 pars
695 3529 815 3594 sancta
833 3523 991 3619 justitiae
1015 3521 1205 3620 aequalita-

143 3654 214 3718 tem
230 3646 412 3740 quamdam
430 3644 467 3714 in
485 3641 588 3716 rebus
604 3642 787 3716 constituit
801 3653 835 3716 et
850 3643 1018 3738 adaequat
1034 3643 1132 3740 signa
1150 3665 1206 3716 re·

143 3763 209 3835 bus
228 3760 457 3834 existentibus
476 3759 569 3832 oirca
586 3757 711 3855 ipsam,
734 3758 910 3834 iuvenitur
928 3783 1052 3856 magua
1069 3765 1202 3855 elprae

144 3881 306 3953 omni-bus
325 3879 458 3965 sortior,
479 3900 644 3973 personas
661 3900 730 3951 non
748 3878 886 3975 accipit,
909 3901 972 3950 nec
991 3875 1203 3948 differentias

144 3996 347 4070 introducit.
364 3996 475 4091 Iniqui
491 3994 553 4067 filii
572 3993 751 4068 hominum
771 4002 806 4067 et
823 3996 963 4069 illorum
983 4015 1086 4091 opero
1106 4015 1204 4066 men·
1292 4019 1293 4026 ¹

144 4113 247 4189 daces
271 4123 371 4201 sunt,
399 4136 463 4187 nee
486 4120 540 4196 est
562 4112 647 4209 ipsis
667 4113 813 4202 veritas,
839 4115 919 4210 quia
946 4114 1197 4210 scriptumest:
