3116 5214
784 458 961 530 ,38-

341 601 595 697 praestandam,
616 606 743 669 ternam
758 593 996 667 collateralem
1015 594 1079 689 ipsi
1098 603 1211 666 ternae
1228 592 1409 669 laborato-

342 716 390 787 nis
408 715 449 786 eb
468 715 604 810 alique,
624 719 659 783 et
676 733 736 807 per
751 710 890 780 dentem
904 717 1032 780 terrem
1046 708 1088 779 ed
1103 707 1330 782 laborandum
1347 713 1408 784 vel

342 833 543 930 pensionem
563 831 712 903 refertur
730 829 898 923 quaestio,
920 829 1009 922 quod
1025 827 1118 898 dieat
1130 824 1219 898 fonte
1238 830 1408 926 majorem

342 973 417 1021 esse
442 949 671 1046 quantitatem
694 952 824 1030 ternae,
851 967 953 1038 quem
979 941 1075 1014 dedit
1104 943 1146 1014 ed
1173 942 1407 1018 laborandum

341 1065 395 1139 vel
411 1065 625 1161 pensionem,
642 1061 837 1133 lahoretone
857 1059 993 1132 dicente
1015 1057 1197 1145 minorem,
1221 1061 1290 1133 nisi
1308 1063 1408 1134 leho-

342 1190 435 1253 raton
463 1180 625 1253 ostendet
647 1201 706 1274 pen
730 1178 959 1248 instrumente
984 1175 1027 1246 de
1052 1175 1269 1270 quantitate,
1298 1200 1405 1272 quem

342 1295 517 1368 laborator
535 1294 621 1366 dioit
637 1315 712 1364 esse
727 1313 838 1377 suem,
857 1290 891 1360 in
907 1297 1040 1362 tentum
1059 1291 1100 1359 de
1117 1287 1210 1360 diota
1229 1297 1319 1362 teme
1341 1314 1406 1364 seu

344 1415 386 1484 de
403 1411 622 1508 possessione
640 1410 752 1482 dietae
772 1417 883 1480 terrae
900 1407 966 1502 ipsi
985 1405 1080 1478 denti
1099 1414 1227 1477 temam
1247 1406 1289 1477 ed
1307 1406 1407 1479 lebo-

343 1531 489 1602 nendom
503 1528 557 1601 vel
571 1527 613 1600 ed
628 1526 831 1623 pensionem
844 1522 1076 1620 adjudicetur,
1096 1521 1129 1592 in
1146 1528 1315 1615 quantum
1330 1523 1405 1620 ipse

343 1648 428 1720 dioit
444 1670 506 1719 seu
524 1647 648 1718 essenit
662 1666 739 1716 esse
753 1665 870 1716 suum:
888 1647 922 1712 et
936 1640 1028 1712 idem
1043 1645 1202 1712 servatur
1220 1639 1256 1710 in
1272 1638 1402 1714 fundis.

740 2001 898 2074 lluemon
915 1996 1003 2070 XlX.

728 2237 780 2310 lle
796 2235 1019 2310 servitutibus.

390 2473 425 2543 Si
452 2473 530 2566 quis
557 2471 688 2542 habens
711 2478 839 2540 terrem
865 2490 933 2539 non
952 2470 1049 2562 juxte
1068 2469 1180 2555 viem,
1209 2471 1267 2542 eui
1292 2476 1405 2543 temee

342 2587 474 2658 oileum
501 2571 596 2656 cisoa¹
618 2591 699 2655 sunt
722 2591 833 2653 temee
858 2580 1004 2652 eliorum
1024 2582 1240 2673 vicinorum,
1262 2607 1325 2656 nee
1345 2608 1406 2680 ep·

341 2699 807 2798 peretundeviam‚ite1·vel
823 2704 938 2769 aetum
954 2697 1057 2770 hebet
1071 2698 1113 2770 ed
1126 2707 1254 2772 temam
1276 2703 1401 2798 ipsam,

341 2827 453 2915 potest
467 2829 582 2916 petere
597 2819 663 2890 sibi
677 2817 824 2890 concedi
840 2817 943 2902 viem,
961 2818 1027 2888 iter
1044 2818 1097 2889 vel
1118 2827 1235 2892 aetum
1262 2845 1322 2916 pen
1336 2828 1405 2892 ter-

342 2962 415 3009 rem
433 2937 594 3022 vicinam,
608 2961 667 3032 pen
681 2959 783 3030 quem
798 2934 933 3006 vicinus
947 2957 1008 3006 seu
1025 2923 1237 3032 propinques
1261 2937 1311 3007 ine
1325 2961 1405 3032 pos-

344 3053 390 3125 sit
412 3053 562 3125 odviam
588 3051 778 3147 publicem,
806 3050 859 3120 vel
894 3047 983 3121 viem
1006 3051 1211 3137 carreriam,
1233 3075 1295 3123 seu
1314 3074 1402 3146 quae

343 3170 492 3242 breviori
514 3169 625 3263 spatio
651 3166 757 3238 distet
774 3189 793 3234 a
810 3165 866 3237 via
883 3165 1041 3261 publiea,
1061 3167 1103 3238 ad
1125 3174 1255 3240 temam
1276 3169 1399 3263 ipsein,

344 3310 430 3381 quae
447 3287 551 3369 viem,
567 3285 633 3356 iter
649 3283 704 3354 vel
722 3290 839 3353 aetum
858 3281 984 3352 habere
1004 3305 1072 3354 non
1091 3290 1233 3380 apparet
1258 3307 1300 3354 ex
1318 3307 1401 3357 eon-

344 3404 526 3476 stitutione
544 3403 599 3474 vel
618 3425 683 3472 usu
703 3402 821 3494 longo.

389 3523 425 3594 Si
444 3521 522 3615 quis
539 3518 641 3590 hebet
664 3506 851 3614 parietem,
873 3519 908 3590 in
927 3541 996 3613 quo
1020 3519 1066 3590 sit
1084 3518 1234 3590 fenestre
1259 3519 1402 3591 dossitie

341 3640 396 3712 vel
415 3638 590 3733 quaelibet
606 3638 673 3708 elie
692 3645 850 3733 apertura
869 3661 929 3732 pno
949 3645 1090 3733 espeotu
1109 3661 1173 3708 seu
1199 3635 1331 3710 lumine
1350 3639 1402 3712 in·¹

342 3755 541 3852 grediendo,
558 3756 616 3850 qui
633 3757 744 3851 paries
759 3759 804 3828 sit
813 3757 912 3852 juxta
928 3756 1067 3844 curtim,
1085 3757 1227 3828 domum
1246 3757 1302 3829 vel
1321 3759 1401 3828 hor·

343 3883 417 3946 tum
432 3873 577 3967 alicujus
592 3872 755 3959 vieini,et
769 3874 904 3947 vicinus
919 3875 992 3949 vult
1005 3899 1047 3946 ex
1062 3873 1219 3970 opposito
1243 3875 1284 3946 ed
1304 3898 1401 3971 eper-

345 4000 459 4076 turas,
481 4014 567 4084 quae
585 3997 666 4063 sunt
684 3991 718 4063 in
737 3990 830 4063 dieto
848 3991 997 4087 pariete,
1019 3990 1202 4063 aedificare
1230 3991 1265 4063 in
1285 3991 1398 4078 horto,

346 4107 435 4181 eunti
459 4109 512 4180 vel
529 4109 630 4182 domo
650 4131 731 4195 sue,
752 4107 853 4181 debet
871 4132 930 4205 pen
947 4108 1080 4206 palmos
1104 4116 1182 4183 oete
1208 4131 1339 4184 oannee
1361 4133 1398 4182 se
