3098 5218
777 427 979 538 aea-4

338 632 414 682 enm
432 606 579 701 sibi,qui
599 611 669 679 stat
687 603 728 676 ad
749 603 852 676 linem
866 601 1049 677 eonlinalis
1063 603 1177 676 dietae
1195 607 1309 676 terrae
1326 619 1400 676 ent-

337 733 433 823 ptae,
456 731 493 812 el
517 722 630 796 sunere
649 721 704 794 illi
721 722 852 818 petenti
870 721 1049 817 publicum
1069 720 1340 795 instrumentum
1362 729 1398 794 et

338 842 492 938 recipere
509 839 635 912 exinde
655 839 805 934 pretium
824 836 867 910 ab
884 859 939 924 eo,
956 846 995 911 ut
1012 836 1145 909 dietum
1164 842 1231 908 est.

383 958 480 1047 Quod
508 958 537 1028 si
562 955 690 1051 aliquis
717 953 950 1030 home'habet
971 953 1125 1049 aliquam
1151 955 1294 1027 domum
1317 978 1399 1028 eeu·
1515 981 1516 984 ¹

337 1083 469 1172 pentum
493 1072 535 1144 ad
559 1079 690 1145 teetum
714 1072 756 1144 ad
781 1071 884 1144 finem
908 1071 1018 1144 uurtis
1036 1071 1187 1168 alicujus
1209 1070 1296 1146 nivis
1313 1070 1399 1146 Sur·

336 1191 445 1277 renti,
465 1189 557 1284 quod
577 1188 641 1261 illa
659 1189 763 1267 hemo
780 1209 849 1260 non
867 1187 979 1284 possit
997 1188 1197 1261 neuvaleat
1218 1187 1397 1286 discoope-

334 1307 405 1379 rire
429 1306 559 1378 dietam
585 1305 726 1378 domurn
750 1309 787 1378 et
807 1305 923 1378 lanera
942 1302 1072 1378 ibidum
1093 1311 1288 1393 astianum,
1309 1305 1397 1378 aden

336 1432 376 1496 ut
400 1424 510 1520 possit
535 1421 710 1518 respicere
734 1421 770 1494 in
796 1420 968 1494 eurtiseu
985 1441 1065 1493 unsa
1084 1419 1170 1494 dieti
1191 1413 1395 1498 uonllnnlis:

161 1501 167 1514 ⁹
191 1539 193 1553 '
334 1543 401 1616 hae
420 1550 534 1614 tamen
554 1541 689 1627 additu,
710 1539 852 1635 quodsi
870 1537 1041 1624 esteivis‚
1062 1539 1137 1638 tarn¹
1153 1539 1253 1612 intus·
1269 1539 1399 1614 Civita-

232 1735 238 1750 ,
335 1669 404 1735 tern
430 1683 533 1755 quarn
557 1664 654 1730 extra
678 1657 815 1731 licitum
834 1661 888 1729 est
908 1656 941 1729 ei
960 1655 1075 1730 lauer'e
1093 1663 1269 1729 nemaeum
1287 1656 1319 1729 si
1337 1675 1397 1730 vo·

334 1779 461 1865 luerit,
486 1783 522 1849 et
539 1777 576 1848 in
594 1774 688 1848 dieto
706 1781 843 1846 astrues
861 1797 904 1846 ex
922 1781 1018 1870 parte
1037 1773 1122 1847 dieti
1142 1773 1327 1846 confinalis
1345 1774 1397 1847 la·

334 1917 414 1968 uere
440 1900 600 1966 teneatur
630 1896 841 1988 pectoralem
872 1883 1067 1964 altitudinis
1095 1891 1291 1987 palmorum
1317 1899 1399 1966 oute

334 2011 411 2083 sine
431 2009 600 2082 toramine
617 2012 654 2079 et
669 2005 853 2104 spurcitia3
875 1999 910 2080 et
923 2007 952 2080 si
972 2007 1145 2093 rusticus,
1166 2008 1329 2094 similiter
1345 2008 1397 2082 la·

335 2128 406 2202 eiat
421 2133 635 2226 pastoratum
654 2145 758 2222 supra
776 2125 904 2198 purtim
922 2145 985 2198 seu
1004 2125 1146 2200 domum
1166 2126 1354 2204 convicini.

717 2358 873 2435 llunurcn
896 2357 1014 2432 XLlX.

709 2589 1018 2686 Dejurepaartua.

382 2830 480 2920 Quod
504 2828 534 2900 si
557 2825 674 2922 aliqua
698 2825 824 2899 mulier
841 2828 968 2904 tradita
982 2835 1040 2902 'est
1066 2829 1190 2926 nuptui
1208 2837 1243 2902 et
1260 2832 1393 2929 aceepit

333 2947 487 3043 aliquem
505 2943 681 3017 hominem
701 2943 858 3033 insnum
877 2947 1027 3042 primurn
1048 2947 1226 3034 maritum,
1247 2949 1339 3044 quod
1360 2949 1392 3020 si

337 3063 558 3166 postmodum
577 3061 717 3136 desedit
734 3061 866 3159 primus
884 3064 1032 3138 maritus
1051 3084 1138 3137 suus
1151 3065 1392 3161 supervivente

335 3205 444 3258 uxore
462 3205 545 3268 sua,
565 3179 657 3276 quod
674 3181 703 3251 si
722 3182 942 3276 postmodum
960 3182 1051 3264 dieta
1071 3203 1158 3256 uxor
1175 3203 1238 3256 sua
1257 3184 1393 3280 aceepit

332 3299 485 3397 aliquem
505 3293 615 3370 alium
632 3296 810 3369 huminem
828 3297 865 3370 in
882 3299 1075 3372 seeundum
1090 3300 1254 3375 maritum
1271 3323 1389 3388 suum,

332 3439 403 3491 nen
420 3415 531 3513 possit
547 3435 613 3488 nee
631 3411 758 3488 debeat
773 3411 900 3487 habere
915 3415 1111 3511 quartulem
1126 3413 1257 3491 lalsidii
1275 3416 1311 3490 in
1330 3415 1393 3490 bo-

333 3535 389 3607 nis
407 3530 553 3607 secundi
571 3530 700 3618 mariti,
721 3530 790 3604 nisi
807 3537 944 3606 tantum
963 3535 1054 3630 quud
1073 3534 1147 3632 ipse
1173 3536 1319 3610 maritus
1335 3557 1392 3624 se·

331 3649 470 3726 enudus
493 3670 579 3721 suus
601 3647 769 3744 legaverit
787 3647 902 3729 eidem
920 3651 1019 3723 uxori
1037 3670 1121 3725 suae
1137 3649 1389 3747 habere-quar·

331 3771 442 3846 tulum
472 3766 602 3841 lalsidii
631 3777 738 3865 'super
767 3767 929 3843 omnibus
959 3768 1059 3844 bouis
1085 3770 1181 3857 suis,
1207 3768 1388 3844 ueletiam

333 3889 423 3985 quud
447 3877 570 3960 feeerit
592 3887 863 3960 instrumentum
891 3887 1016 3964 habere
1040 3890 1236 3985 quartulam
1256 3887 1385 3960 lalsidii

332 4004 387 4079 sui
405 4003 447 4080 de
464 4000 626 4076 omnibus
642 4001 744 4112 bunis
761 4002 847 4076 suis.
