3098 5218
811 415 977 490 ..66-

767 675 924 748 Ruumca
948 674 1015 747 tv.

679 909 727 986 ne
743 913 876 986 damnis
894 908 972 982 alita
989 907 1106 982 illatis.

409 1146 506 1236 Quod
533 1144 563 1216 si
590 1144 667 1240 quis
690 1144 792 1217 trumo
810 1146 919 1220 intrat
934 1169 997 1219 seu
1020 1144 1144 1218 intrari
1162 1141 1248 1217 facit
1266 1146 1432 1236 auctori·

358 1268 429 1334 tate
459 1262 592 1358 propria
617 1268 742 1334 terram
767 1261 916 1360 alicujus
941 1262 1087 1336 atterius
1111 1261 1282 1345 hominis,
1308 1270 1346 1335 et
1362 1263 1429 1334 ab·

361 1380 462 1453 stutit
494 1401 554 1452 seu
588 1377 716 1451 auterri
748 1377 831 1452 iacit
858 1379 985 1452 exinde
1016 1378 1130 1467 atiud,
1159 1401 1220 1450 seu
1245 1371 1353 1450 insert
1373 1378 1427 1451 ibi
1525 1455 1526 1476 p

360 1497 524 1568 damnum
545 1495 675 1591 aliquid
689 1518 750 1591 per
766 1517 804 1568 se
822 1502 883 1569 aut
899 1495 1028 1569 bestias
1046 1517 1140 1582 suas,
1155 1500 1296 1567 tenetur
1311 1503 1347 1566 et
1360 1495 1427 1567 de·
1525 1483 1526 1488 ¹

360 1613 419 1686 het
442 1635 648 1709 componere
666 1611 805 1684 nomine
824 1635 955 1709 paenae
973 1611 1113 1684 domino
1133 1609 1330 1708 praedictae
1349 1617 1427 1684 ter·

360 1754 418 1803 rae
442 1738 581 1803 tarenos
606 1731 681 1803 auri
707 1730 892 1804 duodecim
910 1730 1133 1827 Amalphiae‚
1154 1735 1190 1803 et
1202 1752 1425 1828 componere

361 1870 422 1918 seu
447 1847 632 1920 restituere
656 1845 797 1918 domino
820 1847 933 1920 dictae
957 1853 1073 1920 terrae
1090 1846 1257 1920 damnum
1278 1845 1423 1920 illatum
1523 1869 1526 2020 p

362 1961 504 2034 ibidem.

757 2083 913 2156 aueum
937 2082 1019 2154 LVt.

551 2319 601 2391 ua
617 2330 709 2392 terra
726 2329 843 2393 rueme
860 2317 904 2392 cd
922 2328 1047 2390 terrum
1062 2316 1218 2412 alicujus.

414 2553 511 2642 Quod
541 2555 569 2626 si
600 2552 715 2648 aliqua
747 2553 920 2648 quantitas
945 2559 1058 2624 terrae
1082 2575 1165 2627 casu
1192 2553 1335 2628 fortuito
1358 2555 1419 2628 de·

361 2672 505 2745 seendat
523 2670 699 2742 interram
718 2668 869 2765 alicujus
886 2667 1029 2742 alterius
1044 2669 1209 2758 hominis,
1227 2671 1318 2767 quod
1338 2671 1414 2759 ille,

361 2794 461 2890 cujus
486 2799 540 2865 est
562 2791 653 2865 dicta
675 2796 767 2864 terra
786 2792 821 2864 in
840 2814 908 2888 qua
928 2790 1108 2865 descendit
1131 2790 1223 2864 dicta
1241 2791 1417 2887 quantitas

362 2909 460 2981 illius
483 2916 615 2997 terrae,
636 2932 725 3004 quae
744 2909 811 2982 fuit
828 2907 972 2982 alterius
991 2906 1156 2995 hominis,
1177 2907 1356 2981 domiuum
1375 2908 1418 2980 it-

362 3024 431 3097 lius
455 3026 657 3120 quantitatis
683 3034 795 3100 terrae
813 3032 973 3099 teneatur
990 3030 1026 3097 et
1043 3023 1167 3098 debeat
1185 3025 1360 3122 requirere
1378 3026 1415 3098 in

358 3142 491 3238 judicic
521 3143 577 3218 vel
603 3166 719 3217 euram
744 3143 892 3217 testibus
909 3141 1067 3230 idoneis,
1089 3142 1182 3237 quod
1202 3141 1327 3215 debeat
1345 3142 1417 3215 ele·

361 3282 441 3334 vare
462 3265 608 3347 terram,
628 3281 716 3355 quae
734 3260 862 3333 cecidit
884 3261 1065 3333 interram
1084 3258 1227 3332 alterius
1246 3257 1411 3346 hominis,

361 3377 525 3450 videlieet
542 3377 630 3449 infra
646 3377 720 3449 dies
734 3379 952 3474 quindecim
973 3384 1008 3452 et
1021 3378 1049 3450 si
1065 3378 1138 3466 itte,
1153 3378 1195 3451 de
1211 3382 1311 3477 cujus
1324 3385 1413 3452 terra

361 3494 541 3568 descendit
559 3494 748 3590 praedicta,
764 3495 853 3568 inira
867 3495 999 3569 dictum
1012 3494 1202 3569 terminum
1216 3518 1286 3569 non
1303 3496 1414 3570 elevat

361 3619 488 3682 terram
516 3610 728 3708 praedictam
760 3612 802 3684 de
833 3619 923 3685 terra
948 3612 983 3686 iu
1008 3635 1111 3708 quam
1130 3611 1276 3701 cecidit,
1301 3620 1341 3687 ut
1363 3627 1412 3692 est

360 3729 506 3817 dictum,
529 3729 634 3805 liceat
650 3731 701 3808 illi
716 3731 861 3819 homini,
872 3732 908 3803 iu
923 3733 976 3829 cuj
982 3755 1022 3804 us
1039 3739 1168 3806 terram
1183 3733 1312 3808 cecidit
1323 3742 1409 3810 terra

361 3849 562 3944 praedicta,
594 3848 779 3945 explanare
808 3855 936 3922 terram
968 3848 1179 3948 praedictam
1215 3850 1408 3926 in'terram

363 3988 475 4053 suam,
492 3972 528 4038 et
544 3967 587 4038 ad
604 3965 737 4039 nullam
753 3988 896 4064 poenam
915 3990 978 4040 seu
996 3969 1162 4052 damnum
1176 3973 1336 4044 teneatur
1353 3971 1410 4046 dc·

364 4079 458 4154 minc
476 4081 572 4158 illius
590 4088 717 4170 terrae,
738 4082 780 4155 dc
798 4105 864 4178 qua
882 4083 1010 4158 cecidit
1026 4091 1117 4158 terra
1134 4084 1322 4183 praedicta.
