3116 5214
801 493 849 506 ...
865 452 912 524 22
929 491 974 506 ...

346 591 427 664 aliis
444 598 562 662 autem
579 589 680 661 bonis
697 588 898 662 adventitiis
914 597 950 662 et
962 591 1205 686 undecumque
1221 591 1289 664 sibi
1304 591 1417 666 obve-

345 708 524 782 nientibus
537 711 616 805 jura
633 709 832 780 communia
850 708 1091 783 observantur.
1111 708 1291 784 Existunte
1309 718 1413 807 patre

345 825 382 896 in
396 823 525 910 medio,
541 828 657 895 cessat
669 823 898 895 consuetudo.
915 822 984 897 Sed
997 822 1138 910 mulier,
1158 845 1230 895 non
1248 825 1415 898 obstante

343 940 436 1038 quod
454 938 671 1034 emancipata
687 961 756 1012 non
774 937 893 1026 fuerit,
914 961 956 1013 co
973 939 1050 1038 ipso
1066 939 1160 1036 quod
1177 939 1279 1014 nubit
1296 941 1337 1014 m
1351 944 1412 1014 sui

341 1083 446 1158 luris.

772 1173 928 1249 Rucnrcn
944 1174 985 1248 V.

544 1413 668 1488 Mulier
681 1415 836 1510 quomodo
849 1424 956 1511 potest
963 1413 1123 1509 judicare
1138 1437 1215 1488 suu.

393 1649 430 1723 Si
455 1673 522 1744 qua
544 1651 696 1722 moriens
719 1650 845 1740 habeat
870 1649 960 1722 tilios
983 1673 1046 1723 seu
1063 1649 1212 1734 liberos,
1232 1654 1347 1746 potest
1364 1649 1410 1719 do

344 1765 482 1838 dotibus
506 1767 580 1838 suis
604 1775 640 1840 ct
663 1763 742 1839 aliis
768 1766 835 1839 sibi
854 1766 1122 1840 obvenientibus
1140 1765 1182 1838 ab
1200 1765 1335 1861 agnatis
1353 1767 1410 1838 vel

342 1883 500 1976 cognatis
519 1884 599 1979 jure
623 1883 860 1955 successionis
882 1882 939 1954 vel
963 1882 1070 1955 titulo
1100 1882 1272 1955 lucrativo
1290 1881 1326 1952 in
1345 1905 1411 1952 sua

344 1997 470 2070 ultima
491 1999 670 2070 voluntate
695 2000 891 2094 relinquere
918 2000 1162 2085 medietatem
1183 1998 1227 2070 de
1251 1997 1407 2085 dotibus,

344 2111 549 2198 donatione,
569 2113 824 2208 guarnimentis
841 2121 877 2185 et
893 2112 1139 2210 undecumque
1157 2111 1321 2186 habuerit
1336 2111 1409 2183 alia

346 2229 533 2303 medietate
550 2231 633 2304 filiis
650 2239 840 2306 reservata.

764 2469 921 2544 nusum
936 2472 992 2544 Vl.

449 2705 500 2780 He
514 2707 653 2780 muliere
670 2707 809 2780 tabente
824 2707 912 2802 filios
928 2731 972 2782 ee
987 2709 1127 2782 diuersis
1142 2710 1288 2782 moritis.

392 2941 427 3013 Si
452 2966 518 3036 qua
543 2943 669 3015 mulier
689 2943 821 3016 habens
844 2944 935 3016 filios
958 2945 1012 3018 vcl
1037 2943 1167 3016 liberos
1190 2965 1232 3014 ex
1256 2941 1404 3015 divorsis

342 3059 478 3156 maritis
496 3059 665 3134 moriatur
682 3060 857 3148 intestata,
878 3061 942 3133 filii
961 3069 996 3132 et
1013 3060 1105 3131 filiae
1121 3059 1250 3154 absque
1270 3058 1404 3130 discre-

342 3178 438 3261 tione
456 3200 561 3249 sexus
579 3179 773 3250 succedunt
790 3175 903 3249 eidem
922 3178 957 3248 in
976 3178 1126 3263 viritem,
1143 3175 1292 3272 quilibet
1308 3177 1406 3251 vide·

342 3295 428 3368 licet
445 3318 487 3366 ex
504 3295 586 3366 filiis
603 3301 639 3365 et
656 3293 794 3366 filiabus
811 3317 873 3389 pro
887 3292 1335 3388 aequalibusportionibus.
1353 3294 1404 3365 lta

342 3418 459 3483 tamon
484 3410 575 3505 quod
599 3410 629 3482 si
653 3432 695 3481 ex
717 3409 834 3505 aliquo
852 3433 894 3482 ex
912 3410 997 3506 ipsis
1014 3409 1148 3481 maritis
1166 3409 1292 3482 habeat
1309 3409 1400 3482 filios

341 3536 378 3601 et
395 3529 484 3602 filias
501 3553 569 3601 non
588 3530 736 3616 dotatas,
758 3529 870 3625 portio
885 3529 1036 3600 filiarum
1051 3529 1220 3602 accrescit
1233 3527 1400 3602 iratribus

338 3647 491 3743 ipsarum
517 3646 668 3718 tiliarum
691 3645 854 3741 utrinque
877 3647 1092 3743 conjunctis,
1116 3647 1305 3720 dummodo
1330 3646 1400 3720 fra·

337 3772 409 3838 tres
432 3765 497 3862 ipsi
521 3771 707 3837 teneantur
730 3787 867 3838 sorores
890 3765 983 3862 ipsas
1007 3767 1049 3838 dc
1073 3765 1173 3837 bonis
1193 3766 1347 3862 paternis
1365 3773 1401 3838 et

340 3881 508 3953 maternis
532 3882 725 3954 secundum
743 3881 921 3977 paragium
941 3888 976 3953 et
993 3881 1179 3955 facultates
1197 3880 1373 3953 maritare.

387 3996 515 4071 Verum
532 3999 562 4070 si
579 3989 705 4072 testata
722 3999 868 4072 decedat
883 3998 1004 4072 liberis
1020 4021 1091 4072 non
1108 3998 1320 4085 extantibus,
1339 4023 1400 4094 po.-

340 4124 411 4192 test
432 4117 474 4192 de
499 4126 644 4213 quarta,
671 4141 772 4214 quam
796 4120 909 4215 quoad
932 4118 1177 4218 proprietatem
1196 4118 1397 4214 acquisivit,
