3116 5214
805 447 981 520 ..18-

345 596 494 682 dicium,
514 599 550 672 et
568 614 628 690 per
649 589 894 666 auctoritatem
914 585 1172 686 approbationis
1189 595 1329 665 nostrae
1349 592 1411 666 ob·

345 714 463 788 ninius
481 714 708 788 roborandae.
754 751 757 762 ·

392 837 545 924 Quarum
571 831 660 904 serie
685 830 869 926 diligenter
893 831 1067 925 inspecta,
1094 851 1282 924 earumque
1302 854 1410 906 sensu

344 951 539 1024 examinate
558 949 708 1046 proviso,
725 948 806 1042 quia
823 948 858 1019 in
877 947 947 1019 illis
965 945 1164 1020 invenimus
1189 969 1411 1020 communem

344 1072 564 1146 concordiam
584 1071 712 1146 civium
730 1075 765 1142 et
782 1069 926 1140 rationis
944 1066 1182 1165 approbandae
1210 1090 1406 1158 censuram,

343 1190 508 1262 detractis
527 1185 714 1283 aliquibus,
735 1185 940 1282 quibusdam
955 1207 1017 1281 per
1037 1183 1308 1256 declarationem
1327 1207 1411 1256 con-

344 1333 465 1404 gruam
485 1308 625 1394 additis,
643 1331 701 1380 eas
715 1331 775 1404 per
793 1306 1099 1380 Bartholomaeum
1123 1305 1165 1376 de
1184 1303 1300 1399 Capua
1319 1303 1413 1378 mili·

343 1432 433 1510 tem,
458 1424 685 1520 Log'othetam
705 1431 741 1496 et
758 1422 1037 1496 protonotarium
1056 1421 1165 1516 Regni
1185 1419 1348 1507 Siciliae,
1373 1421 1413 1496 in

344 1541 433 1636 stylo
458 1541 659 1615 dictaminis
684 1540 886 1612 corumdem
910 1538 1057 1624 civium,
1080 1546 1119 1610 ut
1137 1535 1247 1630 magis
1276 1537 1413 1633 proprio

344 1659 484 1730 illarum
505 1658 641 1730 usualia
659 1659 761 1732 verba
780 1661 994 1743 remaneant,
1013 1656 1047 1726 in
1069 1653 1242 1751 praesenti
1261 1652 1413 1727 volumi·

346 1799 388 1848 ne
402 1776 467 1848 sub
483 1777 587 1850 titulo
605 1775 863 1872 approbationis
882 1782 1021 1848 nostrae
1038 1772 1213 1871 praevisas
1231 1771 1341 1868 redigi
1361 1770 1412 1844 ie-

293 1894 297 1903 '
347 1891 474 1963 cimus.

392 2005 1412 2104 Perquodauotoritatisnostraecomprobataejudiciumin

345 2122 438 2194 dicta
457 2122 602 2195 Ciuitate
621 2123 777 2196 Surrenti
798 2124 943 2222 ejusque
962 2123 1142 2211 districtu,
1163 2123 1200 2196 in
1214 2122 1356 2220 iudiciis
1379 2127 1414 2194 et

344 2247 440 2312 extra
457 2238 603 2336 judicia,
620 2241 690 2313 vim
709 2241 826 2339 legum
845 2241 1028 2314 obtineant
1045 2247 1080 2313 et
1097 2239 1203 2313 robur
1224 2247 1413 2312 consuetu-

346 2357 466 2428 dinum
485 2358 772 2452 approbatorum,
793 2358 941 2430 caeteris
960 2356 1081 2430 usibus
1100 2379 1163 2429 seu
1188 2354 1414 2430 consuetudi·

347 2473 450 2544 nibus
474 2473 553 2544 aliis
577 2496 646 2544 non
672 2473 814 2545 insertis
839 2475 873 2546 in
898 2473 1074 2569 praesenti
1099 2471 1294 2561 volumine,
1327 2478 1415 2544 tam·

346 2611 449 2684 quam
465 2588 580 2660 minus
594 2589 858 2662 rationabilibus
874 2597 909 2662 et
922 2613 1104 2663 censuram
1119 2612 1188 2662 non
1206 2588 1414 2662 habentibus

345 2709 553 2804 aequitatis,
579 2708 620 2780 de
644 2715 737 2781 certa
761 2717 878 2782 nostra
900 2709 1049 2784 scientia
1066 2709 1230 2796 cassatis,
1257 2707 1413 2782 vacuatis

346 2831 383 2896 et
402 2824 592 2896 annullatis
610 2825 771 2912 omnino,
793 2827 980 2914 accessis,
998 2826 1118 2900 vacuis
1135 2833 1171 2900 et
1193 2824 1300 2900 nullis
1318 2825 1416 2923 peni·

348 2949 407 3014 tus
425 2939 623 3014 declaratis.
1244 2965 1246 2969 ’

397 3058 448 3129 lta
474 3065 513 3130 ut
536 3059 565 3130 si
590 3059 668 3153 quis
692 3060 855 3136 inventus
873 3060 980 3134 suerit
995 3067 1066 3133 tam
1084 3083 1210 3157 procax
1229 3066 1289 3134 aut
1306 3060 1412 3158 perti·

347 3198 436 3263 nax,
464 3176 525 3271 qui
548 3179 840 3252 consuetudinem
859 3180 1010 3276 allegare
1027 3186 1248 3274 praesumat,
1269 3178 1410 3274 quaein

348 3293 528 3390 praedicto
551 3293 728 3366 volumine
752 3318 821 3366 non
846 3295 1043 3370 inveniatur
1070 3295 1222 3383 inserta,
1242 3297 1315 3392 ipso
1331 3296 1410 3392 jure

245 3413 248 3425 '
347 3408 424 3481 sine
451 3409 624 3482 sententia
648 3410 755 3482 unius
786 3409 893 3484 librae
917 3412 993 3484 auri
1018 3411 1100 3492 boni
1124 3411 1303 3508 purissimi
1329 3434 1412 3484 con·

237 3603 240 3623 ,
348 3525 569 3597 damnatione
583 3525 769 3621 plectatur,
781 3530 883 3623 cujus
897 3526 1080 3612 medietas,
1097 3526 1172 3599 fisci
1188 3527 1297 3598 nostri
1319 3549 1413 3599 com·

240 3626 243 3638 ¹
348 3643 484 3740 pendiis
497 3634 633 3732 relicta,
649 3645 804 3741 ejusdem
820 3645 977 3720 Civitatis
991 3645 1185 3719 commodis
1202 3644 1408 3740 applicetur.

394 3759 460 3834 Pro
484 3760 625 3835 certiori
646 3783 728 3835 vero
750 3764 908 3835 cautelae
936 3761 1111 3859 suffragio
1134 3759 1414 3835 consuetudines

347 3878 440 3975 ipsas
461 3877 707 3975 approbatione
732 3885 849 3954 nostra
871 3879 1019 3953 vallatas
1042 3879 1078 3951 in
1101 3878 1248 3952 Archivo
1273 3883 1412 3951 nostrae

349 3995 476 4091 regalis
494 3995 617 4071 Curiae
637 3995 821 4071 transcribi
840 3995 999 4086 lecimus,
1020 3995 1068 4070 ibi
1085 4002 1250 4094 perpetuo
1274 4016 1415 4070 conser-

350 4113 491 4188 vendas.
