3116 5214
571 469 738 544 ..33-

128 622 229 694 ritate
244 613 377 714 propria
391 635 451 710 per
468 634 506 683 se
524 609 577 684 vel
596 634 656 706 per
673 609 779 682 alium
793 631 916 705 capere
934 610 1005 684 site
1024 612 1183 707 pignora·
1214 647 1217 654 ·

127 755 184 819 re;
211 727 333 802 ettam
352 728 387 798 in
406 749 486 798 casu
506 722 696 819 praesenti,
718 745 819 817 quam
838 723 1006 817 superiori
1026 723 1182 819 proximo

129 848 172 920 de
185 841 573 930 menando,viventibus
586 840 669 936 ipsis
682 839 889 910 animalibus
905 841 1096 933 pignoratio
1110 841 1184 934 ipse

131 963 336 1037 auctoritate
364 959 500 1057 propria
530 960 585 1043 fit,
615 981 682 1030 non
709 966 785 1055 post
810 964 955 1030 mortem
980 959 1183 1029 animalium

130 1079 399 1176 praedictorum.

180 1194 256 1266 Non
283 1191 437 1264 ereditur
455 1187 618 1264 servienti
637 1191 793 1264 Surrenti
813 1191 940 1262 dicenti
959 1190 1109 1285 aliquem
1129 1188 1187 1260 de-

132 1333 278 1407 negasse
297 1308 362 1382 sibi
381 1309 517 1406 pignus,
538 1307 605 1379 nisi
624 1307 659 1378 id
677 1307 857 1404 probatum
875 1309 991 1380 luerit.

531 1549 688 1622 Ruomun
706 1547 791 1620 XVI.

521 1785 569 1858 lle
579 1788 659 1878 jure
677 1786 825 1879 oonprui.

179 2024 217 2098 Si
237 2021 314 2118 quis
331 2019 416 2093 emit
432 2019 587 2104 domum,
604 2017 765 2104 fundum,
783 2018 836 2092 vel
854 2025 995 2106 terram,
1014 2023 1066 2094 uel
1086 2021 1189 2093 aliam

134 2162 208 2212 rem
233 2135 445 2209 immobilem
465 2134 699 2206 collateralem
719 2133 857 2218 domui,
881 2135 987 2206 fundo
1004 2137 1058 2208 vel
1079 2143 1190 2206 terrae

135 2255 305 2351 alicujus,
331 2259 464 2347 emptor
482 2256 620 2322 tenetur
637 2249 727 2321 inlra
746 2249 833 2321 dnos
851 2275 987 2322 menses
1006 2276 1192 2326 numeran-

133 2375 235 2468 dos-a
254 2372 311 2442 die
329 2369 495 2442 scientiae
513 2367 671 2440 habentis
689 2369 843 2453 domum,
866 2369 1031 2456 fundum,
1050 2370 1105 2442 rel
1123 2379 1192 2441 ter·

135 2513 209 2562 ram
222 2483 456 2560 collateralem
473 2483 686 2556 exlateribus
697 2485 762 2580 ipsi
776 2485 825 2554 rei
839 2494 985 2581 emptae,
998 2510 1068 2557 rem
1084 2486 1191 2582 ipsam

134 2613 297 2703 emptam,
314 2603 344 2675 si
358 2625 434 2674 eam
450 2601 616 2698 possidet,
627 2602 779 2697 praecise
795 2602 922 2698 absque
936 2604 1080 2676 alterius
1095 2615 1193 2699 prae-

140 2723 287 2795 statione
302 2719 469 2791 interesse
485 2720 565 2789 dare
579 2741 658 2790 eum
674 2720 783 2815 pretio
799 2721 878 2790 inde
893 2721 1006 2792 soluto
1021 2721 1055 2791 in
1071 2722 1120 2791 rei
1135 2743 1194 2794 ve·

137 2839 259 2921 ritate,
284 2842 320 2907 et
341 2835 454 2907 faeere
479 2833 601 2906 exinde
626 2833 802 2930 publicum
827 2842 861 2907 et
887 2836 1123 2907 firmissimum
1141 2835 1193 2904 in-

139 2958 371 3029 strumentum
394 2950 461 3047 ipsi
483 2949 623 3022 habenti
648 2950 809 3039 domum,
833 2951 978 3024 tondum
994 2952 1047 3024 vel
1065 2959 1193 3023 terram

137 3067 386 3154 collateralem,
400 3068 577 3163 ipsamque
593 3067 681 3138 infra
696 3069 783 3139 duos
799 3089 935 3139 menses
953 3070 1083 3163 petenti
1097 3091 1195 3163 prae-

138 3187 245 3260 dicto.
266 3186 394 3259 Verum
418 3185 448 3258 si
474 3185 542 3258 duo
562 3190 644 3257 sunt
661 3184 899 3270 collaterales,
920 3209 1010 3257 unus
1028 3209 1068 3256 ex
1086 3186 1194 3259 latere

138 3327 226 3389 uno,
246 3303 336 3376 alius
355 3325 397 3374 ex
415 3302 523 3374 altero
543 3303 669 3388 latere,
691 3301 790 3374 ambo
808 3310 952 3399 possunt
965 3304 1044 3399 jure
1062 3303 1197 3398 praedi·

140 3427 195 3495 eto
221 3429 337 3518 petere
363 3421 405 3492 ab
431 3428 604 3518 emptore,
630 3401 820 3516 eodemque
838 3442 1034 3518 possessore
1053 3423 1196 3518 ejusque

138 3547 275 3612 tantum
295 3560 496 3611 successore
515 3537 704 3612 universali
723 3538 876 3623 domum,
893 3536 1039 3609 fundum
1057 3537 1110 3610 vel
1129 3546 1199 3608 ter·

139 3679 213 3728 ram
229 3653 351 3751 ipsam,
369 3653 515 3751 quilibet
528 3654 689 3728 videlicet
705 3677 766 3750 pro
783 3654 979 3740 medietate,
996 3676 1065 3726 non
1081 3653 1197 3725 habita

140 3770 364 3844 distinctione
393 3772 642 3868 magnitudinis
659 3772 916 3867 possessionum
936 3770 1136 3842 alterutrius
1155 3793 1197 3842 err

141 3888 224 3985 ipsis
248 3886 453 3961 habentibus
473 3889 611 3976 domos,
633 3888 758 3962 lundos
775 3888 830 3960 vel
850 3895 958 3958 terras
977 3886 1195 3959 collaterales

142 4005 205 4103 ipsi
224 4004 275 4078 rei
294 4012 441 4100 emptae.
552 4095 554 4102 Ι

190 4121 253 4196 Ubi
272 4122 409 4211 domus,
427 4121 555 4198 fundus
570 4130 605 4197 et
617 4105 722 4214 terra,
738 4147 825 4221 quae
842 4123 1053 4204 venduntur,
1070 4120 1199 4196 hebent

963 4253 979 4305 3
