<?xml version="1.0" encoding="UTF-8"?>
<!DOCTYPE html PUBLIC "-//W3C//DTD XHTML 1.0 Transitional//EN"
    "http://www.w3.org/TR/xhtml1/DTD/xhtml1-transitional.dtd">
<html xmlns="http://www.w3.org/1999/xhtml" xml:lang="en" lang="en">
 <head>
  <title>
</title>
<meta http-equiv="Content-Type" content="text/html;charset=utf-8" />
  <meta name='ocr-system' content='tesseract 3.04.00' />
  <meta name='ocr-capabilities' content='ocr_page ocr_carea ocr_par ocr_line ocrx_word'/>
</head>
<body>
  <div class='ocr_page' id='page_1' title='image "./leconsuetudinid00volpgoog_0040.png"; bbox 0 0 3116 5214; ppageno 0'>
   <div class='ocr_carea' id='block_1_1' title="bbox 578 497 754 571">
    <p class='ocr_par' dir='ltr' id='par_1_1' title="bbox 578 497 754 571">
     <span class='ocr_line' id='line_1_1' title="bbox 578 497 754 571; baseline 0.006 -19"><span class='ocrx_word' id='word_1_1' title='bbox 578 497 754 571; x_wconf 77' lang='lat'><strong>..35-</strong></span> 
     </span>
    </p>
   </div>
   <div class='ocr_carea' id='block_1_2' title="bbox 78 633 1303 4017">
    <p class='ocr_par' dir='ltr' id='par_1_2' title="bbox 78 633 1303 4017">
     <span class='ocr_line' id='line_1_2' title="bbox 140 633 1198 738; baseline 0.007 -30"><span class='ocrx_word' id='word_1_2' title='bbox 140 636 371 724; x_wconf 85' lang='lat' dir='ltr'><strong>cluderc,nisi</strong></span> <span class='ocrx_word' id='word_1_3' title='bbox 385 641 492 708; x_wconf 88' lang='lat' dir='ltr'><strong>totam</strong></span> <span class='ocrx_word' id='word_1_4' title='bbox 508 633 663 720; x_wconf 87' lang='lat' dir='ltr'><strong>domum,</strong></span> <span class='ocrx_word' id='word_1_5' title='bbox 676 633 822 707; x_wconf 72' lang='lat' dir='ltr'><strong>fundum</strong></span> <span class='ocrx_word' id='word_1_6' title='bbox 837 636 891 708; x_wconf 83' lang='lat' dir='ltr'><strong>vel</strong></span> <span class='ocrx_word' id='word_1_7' title='bbox 908 645 1032 710; x_wconf 85' lang='lat' dir='ltr'><strong>terram</strong></span> <span class='ocrx_word' id='word_1_8' title='bbox 1048 648 1198 738; x_wconf 85' lang='lat' dir='ltr'><strong>amptum</strong></span> 
     </span>
     <span class='ocr_line' id='line_1_3' title="bbox 138 754 1149 854; baseline 0.001 -23"><span class='ocrx_word' id='word_1_9' title='bbox 138 757 223 831; x_wconf 86' lang='lat' dir='ltr'><strong>velit</strong></span> <span class='ocrx_word' id='word_1_10' title='bbox 236 759 314 854; x_wconf 81' lang='lat' dir='ltr'><strong>jure</strong></span> <span class='ocrx_word' id='word_1_11' title='bbox 338 754 514 851; x_wconf 81' lang='lat' dir='ltr'><strong>praedicto</strong></span> <span class='ocrx_word' id='word_1_12' title='bbox 534 754 679 840; x_wconf 85' lang='lat' dir='ltr'><strong>habene,</strong></span> <span class='ocrx_word' id='word_1_13' title='bbox 700 761 740 826; x_wconf 89' lang='lat' dir='ltr'><strong>ut</strong></span> <span class='ocrx_word' id='word_1_14' title='bbox 756 756 915 852; x_wconf 77' lang='lat' dir='ltr'><strong>superius</strong></span> <span class='ocrx_word' id='word_1_15' title='bbox 932 758 1064 830; x_wconf 90' lang='lat' dir='ltr'><strong>dictum</strong></span> <span class='ocrx_word' id='word_1_16' title='bbox 1085 768 1149 832; x_wconf 90' lang='lat' dir='ltr'><strong>ost.</strong></span> 
     </span>
     <span class='ocr_line' id='line_1_4' title="bbox 186 871 1245 969; baseline 0.005 -22"><span class='ocrx_word' id='word_1_17' title='bbox 186 875 222 948; x_wconf 88' lang='lat' dir='ltr'><strong>Si</strong></span> <span class='ocrx_word' id='word_1_18' title='bbox 233 873 310 969; x_wconf 91' lang='lat' dir='ltr'><strong>quis</strong></span> <span class='ocrx_word' id='word_1_19' title='bbox 323 872 427 945; x_wconf 86' lang='lat' dir='ltr'><strong>habet</strong></span> <span class='ocrx_word' id='word_1_20' title='bbox 440 871 580 944; x_wconf 93' lang='lat' dir='ltr'><strong>domum</strong></span> <span class='ocrx_word' id='word_1_21' title='bbox 596 872 795 944; x_wconf 79' lang='lat' dir='ltr'><strong>interiorem</strong></span> <span class='ocrx_word' id='word_1_22' title='bbox 810 874 885 945; x_wconf 90' lang='lat' dir='ltr'><strong>solo</strong></span> <span class='ocrx_word' id='word_1_23' title='bbox 900 874 1098 949; x_wconf 81' lang='lat' dir='ltr'><strong>immediate</strong></span> <span class='ocrx_word' id='word_1_24' title='bbox 1113 902 1197 952; x_wconf 92' lang='lat' dir='ltr'><strong>con·</strong></span> <span class='ocrx_word' id='word_1_25' title='bbox 1243 902 1245 908; x_wconf 88' lang='lat'>·</span> 
     </span>
     <span class='ocr_line' id='line_1_5' title="bbox 134 987 1195 1092; baseline 0.004 -29"><span class='ocrx_word' id='word_1_26' title='bbox 134 993 311 1089; x_wconf 84' lang='lat' dir='ltr'><strong>junctam,</strong></span> <span class='ocrx_word' id='word_1_27' title='bbox 331 996 367 1061; x_wconf 89' lang='lat' dir='ltr'><strong>et</strong></span> <span class='ocrx_word' id='word_1_28' title='bbox 387 989 477 1060; x_wconf 84' lang='lat' dir='ltr'><strong>atius</strong></span> <span class='ocrx_word' id='word_1_29' title='bbox 500 987 604 1060; x_wconf 86' lang='lat' dir='ltr'><strong>habet</strong></span> <span class='ocrx_word' id='word_1_30' title='bbox 626 988 766 1060; x_wconf 92' lang='lat' dir='ltr'><strong>domum</strong></span> <span class='ocrx_word' id='word_1_31' title='bbox 786 991 1001 1086; x_wconf 71' lang='lat' dir='ltr'><strong>superiorem</strong></span> <span class='ocrx_word' id='word_1_32' title='bbox 1021 1017 1123 1090; x_wconf 79' lang='lat' dir='ltr'><strong>snpra</strong></span> <span class='ocrx_word' id='word_1_33' title='bbox 1143 997 1195 1092; x_wconf 93' lang='lat' dir='ltr'><strong>ip-</strong></span> 
     </span>
     <span class='ocr_line' id='line_1_6' title="bbox 137 1107 1198 1208; baseline 0.006 -28"><span class='ocrx_word' id='word_1_34' title='bbox 137 1131 211 1180; x_wconf 85' lang='lat' dir='ltr'><strong>sam</strong></span> <span class='ocrx_word' id='word_1_35' title='bbox 230 1109 372 1181; x_wconf 91' lang='lat' dir='ltr'><strong>domum</strong></span> <span class='ocrx_word' id='word_1_36' title='bbox 390 1107 592 1180; x_wconf 80' lang='lat' dir='ltr'><strong>inferiorem</strong></span> <span class='ocrx_word' id='word_1_37' title='bbox 610 1107 854 1195; x_wconf 79' lang='lat' dir='ltr'>constitutam,</span> <span class='ocrx_word' id='word_1_38' title='bbox 875 1116 1050 1182; x_wconf 80' lang='lat' dir='ltr'><strong>eteorum</strong></span> <span class='ocrx_word' id='word_1_39' title='bbox 1070 1114 1198 1208; x_wconf 83' lang='lat' dir='ltr'><strong>aliquis</strong></span> 
     </span>
     <span class='ocr_line' id='line_1_7' title="bbox 137 1223 1199 1316; baseline 0.005 -19"><span class='ocrx_word' id='word_1_40' title='bbox 137 1225 281 1297; x_wconf 92' lang='lat' dir='ltr'><strong>domum</strong></span> <span class='ocrx_word' id='word_1_41' title='bbox 298 1247 396 1296; x_wconf 88' lang='lat' dir='ltr'><strong>suam</strong></span> <span class='ocrx_word' id='word_1_42' title='bbox 414 1223 554 1310; x_wconf 86' lang='lat' dir='ltr'><strong>vendat,</strong></span> <span class='ocrx_word' id='word_1_43' title='bbox 575 1223 648 1296; x_wconf 88' lang='lat' dir='ltr'><strong>sive</strong></span> <span class='ocrx_word' id='word_1_44' title='bbox 666 1223 797 1296; x_wconf 87' lang='lat' dir='ltr'><strong>habens</strong></span> <span class='ocrx_word' id='word_1_45' title='bbox 815 1225 1029 1316; x_wconf 77' lang='lat' dir='ltr'><strong>inferiorem,</strong></span> <span class='ocrx_word' id='word_1_46' title='bbox 1049 1229 1121 1302; x_wconf 87' lang='lat' dir='ltr'><strong>sive</strong></span> <span class='ocrx_word' id='word_1_47' title='bbox 1137 1233 1199 1302; x_wconf 56' lang='lat' dir='ltr'><strong>ba*</strong></span> 
     </span>
     <span class='ocr_line' id='line_1_8' title="bbox 136 1339 1195 1438; baseline 0.004 -25"><span class='ocrx_word' id='word_1_48' title='bbox 136 1342 223 1414; x_wconf 83' lang='lat' dir='ltr'><strong>bens</strong></span> <span class='ocrx_word' id='word_1_49' title='bbox 240 1341 472 1438; x_wconf 73' lang='lat' dir='ltr'><strong>superiorem,</strong></span> <span class='ocrx_word' id='word_1_50' title='bbox 494 1339 604 1426; x_wconf 86' lang='lat' dir='ltr'><strong>alius,</strong></span> <span class='ocrx_word' id='word_1_51' title='bbox 625 1341 683 1435; x_wconf 93' lang='lat' dir='ltr'><strong>qui</strong></span> <span class='ocrx_word' id='word_1_52' title='bbox 703 1343 771 1412; x_wconf 91' lang='lat' dir='ltr'><strong>non</strong></span> <span class='ocrx_word' id='word_1_53' title='bbox 791 1342 907 1416; x_wconf 88' lang='lat' dir='ltr'><strong>vendit</strong></span> <span class='ocrx_word' id='word_1_54' title='bbox 925 1344 1064 1416; x_wconf 89' lang='lat' dir='ltr'><strong>domum</strong></span> <span class='ocrx_word' id='word_1_55' title='bbox 1081 1369 1195 1433; x_wconf 87' lang='lat' dir='ltr'><strong>suam,</strong></span> 
     </span>
     <span class='ocr_line' id='line_1_9' title="bbox 137 1455 1198 1556; baseline 0.003 -25"><span class='ocrx_word' id='word_1_56' title='bbox 137 1465 252 1556; x_wconf 88' lang='lat' dir='ltr'><strong>potest</strong></span> <span class='ocrx_word' id='word_1_57' title='bbox 259 1462 338 1555; x_wconf 72' lang='lat' dir='ltr'><strong>June</strong></span> <span class='ocrx_word' id='word_1_58' title='bbox 352 1457 447 1529; x_wconf 84' lang='lat' dir='ltr'><strong>finali</strong></span> <span class='ocrx_word' id='word_1_59' title='bbox 463 1455 503 1528; x_wconf 89' lang='lat' dir='ltr'><strong>ab</strong></span> <span class='ocrx_word' id='word_1_60' title='bbox 519 1463 671 1552; x_wconf 80' lang='lat' dir='ltr'>emptore</span> <span class='ocrx_word' id='word_1_61' title='bbox 690 1457 799 1552; x_wconf 83' lang='lat' dir='ltr'><strong>ipsam</strong></span> <span class='ocrx_word' id='word_1_62' title='bbox 819 1466 948 1552; x_wconf 77' lang='lat' dir='ltr'><strong>petere,</strong></span> <span class='ocrx_word' id='word_1_63' title='bbox 970 1462 1122 1534; x_wconf 81' lang='lat' dir='ltr'><strong>exclusis</strong></span> <span class='ocrx_word' id='word_1_64' title='bbox 1138 1463 1198 1534; x_wconf 91' lang='lat' dir='ltr'><strong>ha-</strong></span> 
     </span>
     <span class='ocr_line' id='line_1_10' title="bbox 138 1574 1193 1674; baseline 0.002 -26"><span class='ocrx_word' id='word_1_65' title='bbox 138 1576 298 1648; x_wconf 86' lang='lat' dir='ltr'><strong>bentibus</strong></span> <span class='ocrx_word' id='word_1_66' title='bbox 313 1575 433 1646; x_wconf 90' lang='lat' dir='ltr'><strong>domos</strong></span> <span class='ocrx_word' id='word_1_67' title='bbox 448 1575 650 1669; x_wconf 86' lang='lat' dir='ltr'><strong>conjunctas</strong></span> <span class='ocrx_word' id='word_1_68' title='bbox 664 1597 706 1645; x_wconf 87' lang='lat' dir='ltr'><strong>ex</strong></span> <span class='ocrx_word' id='word_1_69' title='bbox 719 1574 888 1650; x_wconf 82' lang='lat' dir='ltr'><strong>latoribus</strong></span> <span class='ocrx_word' id='word_1_70' title='bbox 902 1584 992 1648; x_wconf 86' lang='lat' dir='ltr'><strong>etex</strong></span> <span class='ocrx_word' id='word_1_71' title='bbox 1009 1579 1193 1674; x_wconf 82' lang='lat' dir='ltr'><strong>capitibus.</strong></span> 
     </span>
     <span class='ocr_line' id='line_1_11' title="bbox 137 1691 1196 1792; baseline 0.004 -27"><span class='ocrx_word' id='word_1_72' title='bbox 137 1695 280 1789; x_wconf 83' lang='lat' dir='ltr'><strong>insuper</strong></span> <span class='ocrx_word' id='word_1_73' title='bbox 299 1693 329 1765; x_wconf 92' lang='lat' dir='ltr'><strong>si</strong></span> <span class='ocrx_word' id='word_1_74' title='bbox 350 1693 428 1789; x_wconf 91' lang='lat' dir='ltr'><strong>quis</strong></span> <span class='ocrx_word' id='word_1_75' title='bbox 445 1693 550 1764; x_wconf 84' lang='lat' dir='ltr'><strong>habet</strong></span> <span class='ocrx_word' id='word_1_76' title='bbox 567 1691 707 1763; x_wconf 90' lang='lat' dir='ltr'><strong>domum</strong></span> <span class='ocrx_word' id='word_1_77' title='bbox 727 1705 948 1765; x_wconf 88' lang='lat' dir='ltr'><strong>communem</strong></span> <span class='ocrx_word' id='word_1_78' title='bbox 967 1720 1027 1792; x_wconf 84' lang='lat' dir='ltr'><strong>pno</strong></span> <span class='ocrx_word' id='word_1_79' title='bbox 1047 1698 1196 1770; x_wconf 91' lang='lat' dir='ltr'><strong>indiviso</strong></span> 
     </span>
     <span class='ocr_line' id='line_1_12' title="bbox 136 1809 1196 1910; baseline 0.003 -27"><span class='ocrx_word' id='word_1_80' title='bbox 136 1833 216 1883; x_wconf 89' lang='lat' dir='ltr'><strong>oum</strong></span> <span class='ocrx_word' id='word_1_81' title='bbox 248 1809 365 1906; x_wconf 87' lang='lat' dir='ltr'><strong>aliquo</strong></span> <span class='ocrx_word' id='word_1_82' title='bbox 388 1817 422 1881; x_wconf 91' lang='lat' dir='ltr'><strong>et</strong></span> <span class='ocrx_word' id='word_1_83' title='bbox 443 1819 575 1905; x_wconf 78' lang='lat' dir='ltr'><strong>partem</strong></span> <span class='ocrx_word' id='word_1_84' title='bbox 601 1833 699 1882; x_wconf 87' lang='lat' dir='ltr'><strong>suam</strong></span> <span class='ocrx_word' id='word_1_85' title='bbox 723 1811 871 1897; x_wconf 80' lang='lat' dir='ltr'><strong>vendat,&#39;</strong></span> <span class='ocrx_word' id='word_1_86' title='bbox 888 1819 972 1884; x_wconf 88' lang='lat' dir='ltr'><strong>tuno</strong></span> <span class='ocrx_word' id='word_1_87' title='bbox 999 1812 1112 1900; x_wconf 78' lang='lat' dir='ltr'><strong>alioS,</strong></span> <span class='ocrx_word' id='word_1_88' title='bbox 1139 1816 1196 1910; x_wconf 91' lang='lat' dir='ltr'><strong>qni</strong></span> 
     </span>
     <span class='ocr_line' id='line_1_13' title="bbox 135 1922 1303 2028; baseline 0.003 -28"><span class='ocrx_word' id='word_1_89' title='bbox 135 1934 267 2024; x_wconf 77' lang='lat' dir='ltr'><strong>partem</strong></span> <span class='ocrx_word' id='word_1_90' title='bbox 292 1949 390 2001; x_wconf 88' lang='lat' dir='ltr'><strong>suam</strong></span> <span class='ocrx_word' id='word_1_91' title='bbox 409 1951 479 2000; x_wconf 93' lang='lat' dir='ltr'><strong>non</strong></span> <span class='ocrx_word' id='word_1_92' title='bbox 492 1927 625 2014; x_wconf 78' lang='lat' dir='ltr'><strong>vendit,</strong></span> <span class='ocrx_word' id='word_1_93' title='bbox 642 1934 756 2025; x_wconf 86' lang='lat' dir='ltr'><strong>potest</strong></span> <span class='ocrx_word' id='word_1_94' title='bbox 769 1929 848 2024; x_wconf 82' lang='lat' dir='ltr'><strong>jure</strong></span> <span class='ocrx_word' id='word_1_95' title='bbox 868 1929 962 2000; x_wconf 84' lang='lat' dir='ltr'><strong>finali</strong></span> <span class='ocrx_word' id='word_1_96' title='bbox 982 1931 1023 2002; x_wconf 88' lang='lat' dir='ltr'><strong>ab</strong></span> <span class='ocrx_word' id='word_1_97' title='bbox 1042 1939 1196 2028; x_wconf 80' lang='lat' dir='ltr'><strong>emptore</strong></span> <span class='ocrx_word' id='word_1_98' title='bbox 1298 1922 1303 1936; x_wconf 83' lang='lat'>&#39;</span> 
     </span>
     <span class='ocr_line' id='line_1_14' title="bbox 134 2045 1197 2162; baseline 0.004 -44"><span class='ocrx_word' id='word_1_99' title='bbox 134 2045 282 2119; x_wconf 81' lang='lat' dir='ltr'><strong>alterius</strong></span> <span class='ocrx_word' id='word_1_100' title='bbox 300 2046 409 2143; x_wconf 80' lang='lat' dir='ltr'><strong>partis</strong></span> <span class='ocrx_word' id='word_1_101' title='bbox 427 2053 558 2142; x_wconf 82' lang='lat' dir='ltr'><strong>pontem</strong></span> <span class='ocrx_word' id='word_1_102' title='bbox 578 2047 688 2140; x_wconf 82' lang='lat' dir='ltr'><strong>ipsam</strong></span> <span class='ocrx_word' id='word_1_103' title='bbox 706 2054 822 2142; x_wconf 82' lang='lat' dir='ltr'><strong>petere</strong></span> <span class='ocrx_word' id='word_1_104' title='bbox 836 2054 871 2118; x_wconf 89' lang='lat' dir='ltr'><strong>et</strong></span> <span class='ocrx_word' id='word_1_105' title='bbox 886 2047 1024 2134; x_wconf 82' lang='lat' dir='ltr'><strong>habene,</strong></span> <span class='ocrx_word' id='word_1_106' title='bbox 1043 2050 1197 2162; x_wconf 63' lang='lat' dir='ltr'><strong>exclusis</strong></span> 
     </span>
     <span class='ocr_line' id='line_1_15' title="bbox 128 2162 1195 2248; baseline 0.004 -14"><span class='ocrx_word' id='word_1_107' title='bbox 128 2163 297 2236; x_wconf 88' lang='lat' dir='ltr'><strong>omnibus</strong></span> <span class='ocrx_word' id='word_1_108' title='bbox 319 2163 417 2234; x_wconf 83' lang='lat' dir='ltr'><strong>aliis:</strong></span> <span class='ocrx_word' id='word_1_109' title='bbox 439 2171 474 2234; x_wconf 90' lang='lat' dir='ltr'><strong>et</strong></span> <span class='ocrx_word' id='word_1_110' title='bbox 492 2163 583 2234; x_wconf 88' lang='lat' dir='ltr'><strong>idem</strong></span> <span class='ocrx_word' id='word_1_111' title='bbox 609 2163 643 2233; x_wconf 91' lang='lat' dir='ltr'><strong>in</strong></span> <span class='ocrx_word' id='word_1_112' title='bbox 667 2162 802 2248; x_wconf 84' lang='lat' dir='ltr'><strong>fundis,</strong></span> <span class='ocrx_word' id='word_1_113' title='bbox 823 2163 925 2234; x_wconf 81' lang='lat' dir='ltr'><strong>tennis</strong></span> <span class='ocrx_word' id='word_1_114' title='bbox 944 2173 979 2235; x_wconf 89' lang='lat' dir='ltr'><strong>et</strong></span> <span class='ocrx_word' id='word_1_115' title='bbox 995 2163 1073 2236; x_wconf 89' lang='lat' dir='ltr'><strong>aliis</strong></span> <span class='ocrx_word' id='word_1_116' title='bbox 1092 2166 1195 2238; x_wconf 88' lang='lat' dir='ltr'><strong>nebus</strong></span> 
     </span>
     <span class='ocr_line' id='line_1_16' title="bbox 133 2277 1156 2382; baseline 0.003 -33"><span class='ocrx_word' id='word_1_117' title='bbox 133 2279 388 2364; x_wconf 84' lang='lat' dir='ltr'><strong>immobilibus,</strong></span> <span class='ocrx_word' id='word_1_118' title='bbox 410 2278 575 2382; x_wconf 83' lang='lat' dir='ltr'><strong>videlicet</strong></span> <span class='ocrx_word' id='word_1_119' title='bbox 591 2302 670 2350; x_wconf 89' lang='lat' dir='ltr'><strong>cum</strong></span> <span class='ocrx_word' id='word_1_120' title='bbox 687 2281 783 2373; x_wconf 86' lang='lat' dir='ltr'><strong>justo</strong></span> <span class='ocrx_word' id='word_1_121' title='bbox 802 2277 912 2373; x_wconf 79' lang='lat' dir='ltr'><strong>pretio</strong></span> <span class='ocrx_word' id='word_1_122' title='bbox 927 2278 1156 2352; x_wconf 77' lang='lat' dir='ltr'><strong>indesolato</strong></span> 
     </span>
     <span class='ocr_line' id='line_1_17' title="bbox 182 2394 1197 2493; baseline -0.003 -20"><span class='ocrx_word' id='word_1_123' title='bbox 182 2397 220 2474; x_wconf 88' lang='lat' dir='ltr'><strong>si</strong></span> <span class='ocrx_word' id='word_1_124' title='bbox 235 2397 359 2469; x_wconf 89' lang='lat' dir='ltr'><strong>domus</strong></span> <span class='ocrx_word' id='word_1_125' title='bbox 374 2394 498 2468; x_wconf 83' lang='lat' dir='ltr'><strong>babeat</strong></span> <span class='ocrx_word' id='word_1_126' title='bbox 512 2394 577 2466; x_wconf 79' lang='lat' dir='ltr'><strong>tria</strong></span> <span class='ocrx_word' id='word_1_127' title='bbox 597 2395 762 2480; x_wconf 81' lang='lat' dir='ltr'><strong>membra,</strong></span> <span class='ocrx_word' id='word_1_128' title='bbox 780 2394 851 2468; x_wconf 88' lang='lat' dir='ltr'><strong>sive</strong></span> <span class='ocrx_word' id='word_1_129' title='bbox 866 2395 1004 2480; x_wconf 82' lang='lat' dir='ltr'><strong>solania,</strong></span> <span class='ocrx_word' id='word_1_130' title='bbox 1015 2398 1067 2470; x_wconf 83' lang='lat' dir='ltr'><strong>vel</strong></span> <span class='ocrx_word' id='word_1_131' title='bbox 1078 2397 1197 2493; x_wconf 58' lang='lat' dir='ltr'><strong>plura</strong></span> 
     </span>
     <span class='ocr_line' id='line_1_18' title="bbox 133 2511 1197 2610; baseline 0 -22"><span class='ocrx_word' id='word_1_132' title='bbox 133 2538 244 2588; x_wconf 90' lang='lat' dir='ltr'><strong>unum</strong></span> <span class='ocrx_word' id='word_1_133' title='bbox 268 2535 372 2610; x_wconf 77' lang='lat' dir='ltr'><strong>supra</strong></span> <span class='ocrx_word' id='word_1_134' title='bbox 396 2511 511 2595; x_wconf 84' lang='lat' dir='ltr'><strong>aliud,</strong></span> <span class='ocrx_word' id='word_1_135' title='bbox 538 2521 573 2583; x_wconf 89' lang='lat' dir='ltr'><strong>et</strong></span> <span class='ocrx_word' id='word_1_136' title='bbox 593 2512 639 2582; x_wconf 91' lang='lat' dir='ltr'><strong>sit</strong></span> <span class='ocrx_word' id='word_1_137' title='bbox 662 2511 878 2582; x_wconf 75' lang='lat' dir='ltr'><strong>diversorum</strong></span> <span class='ocrx_word' id='word_1_138' title='bbox 901 2511 1138 2601; x_wconf 82' lang='lat' dir='ltr'><strong>dominorum,</strong></span> <span class='ocrx_word' id='word_1_139' title='bbox 1160 2525 1197 2588; x_wconf 89' lang='lat' dir='ltr'><strong>et</strong></span> 
     </span>
     <span class='ocr_line' id='line_1_19' title="bbox 134 2629 1194 2726; baseline -0.001 -20"><span class='ocrx_word' id='word_1_140' title='bbox 134 2657 225 2707; x_wconf 88' lang='lat' dir='ltr'><strong>unus</strong></span> <span class='ocrx_word' id='word_1_141' title='bbox 245 2632 399 2726; x_wconf 80' lang='lat' dir='ltr'><strong>ipsorum</strong></span> <span class='ocrx_word' id='word_1_142' title='bbox 419 2629 635 2702; x_wconf 83' lang='lat' dir='ltr'><strong>dominorum</strong></span> <span class='ocrx_word' id='word_1_143' title='bbox 654 2629 781 2703; x_wconf 87' lang='lat' dir='ltr'><strong>vendat</strong></span> <span class='ocrx_word' id='word_1_144' title='bbox 798 2631 1099 2718; x_wconf 67' lang='lat' dir='ltr'><strong>momentarium,</strong></span> <span class='ocrx_word' id='word_1_145' title='bbox 1122 2657 1194 2705; x_wconf 89' lang='lat' dir='ltr'><strong>em-</strong></span> 
     </span>
     <span class='ocr_line' id='line_1_20' title="bbox 133 2746 1193 2848; baseline 0 -25"><span class='ocrx_word' id='word_1_146' title='bbox 133 2756 357 2848; x_wconf 82' lang='lat' dir='ltr'><strong>ptontenctur</strong></span> <span class='ocrx_word' id='word_1_147' title='bbox 366 2749 479 2844; x_wconf 91' lang='lat' dir='ltr'><strong>ipsum</strong></span> <span class='ocrx_word' id='word_1_148' title='bbox 491 2746 657 2819; x_wconf 81' lang='lat' dir='ltr'><strong>solarium</strong></span> <span class='ocrx_word' id='word_1_149' title='bbox 672 2753 826 2842; x_wconf 90' lang='lat' dir='ltr'><strong>emptum</strong></span> <span class='ocrx_word' id='word_1_150' title='bbox 836 2751 913 2844; x_wconf 83' lang='lat' dir='ltr'><strong>juce</strong></span> <span class='ocrx_word' id='word_1_151' title='bbox 930 2747 1024 2820; x_wconf 83' lang='lat' dir='ltr'><strong>finali</strong></span> <span class='ocrx_word' id='word_1_152' title='bbox 1037 2751 1118 2822; x_wconf 84' lang='lat' dir='ltr'><strong>dane</strong></span> <span class='ocrx_word' id='word_1_153' title='bbox 1132 2751 1193 2824; x_wconf 87' lang='lat' dir='ltr'><strong>ha-</strong></span> 
     </span>
     <span class='ocr_line' id='line_1_21' title="bbox 134 2865 1218 2965; baseline 0.001 -25"><span class='ocrx_word' id='word_1_154' title='bbox 134 2869 229 2941; x_wconf 91' lang='lat' dir='ltr'><strong>benti</strong></span> <span class='ocrx_word' id='word_1_155' title='bbox 252 2868 418 2941; x_wconf 79' lang='lat' dir='ltr'><strong>solarium</strong></span> <span class='ocrx_word' id='word_1_156' title='bbox 442 2865 636 2962; x_wconf 79' lang='lat' dir='ltr'><strong>proximum</strong></span> <span class='ocrx_word' id='word_1_157' title='bbox 655 2889 695 2936; x_wconf 87' lang='lat' dir='ltr'><strong>ex</strong></span> <span class='ocrx_word' id='word_1_158' title='bbox 715 2873 808 2961; x_wconf 82' lang='lat' dir='ltr'><strong>parte</strong></span> <span class='ocrx_word' id='word_1_159' title='bbox 833 2866 988 2939; x_wconf 78' lang='lat' dir='ltr'><strong>inferiori</strong></span> <span class='ocrx_word' id='word_1_160' title='bbox 1014 2868 1077 2965; x_wconf 93' lang='lat' dir='ltr'><strong>ipsi</strong></span> <span class='ocrx_word' id='word_1_161' title='bbox 1102 2869 1218 2942; x_wconf 52' lang='lat' dir='ltr'><strong>sola?</strong></span> 
     </span>
     <span class='ocr_line' id='line_1_22' title="bbox 137 2983 1194 3079; baseline 0.002 -22"><span class='ocrx_word' id='word_1_162' title='bbox 137 2986 190 3057; x_wconf 85' lang='lat' dir='ltr'><strong>rio</strong></span> <span class='ocrx_word' id='word_1_163' title='bbox 207 2985 359 3071; x_wconf 84' lang='lat' dir='ltr'><strong>vendito,</strong></span> <span class='ocrx_word' id='word_1_164' title='bbox 382 2993 417 3056; x_wconf 91' lang='lat' dir='ltr'><strong>et</strong></span> <span class='ocrx_word' id='word_1_165' title='bbox 434 2983 589 3079; x_wconf 78' lang='lat' dir='ltr'><strong>recipere</strong></span> <span class='ocrx_word' id='word_1_166' title='bbox 603 2986 737 3079; x_wconf 81' lang='lat' dir='ltr'><strong>justum</strong></span> <span class='ocrx_word' id='word_1_167' title='bbox 752 2983 901 3076; x_wconf 78' lang='lat' dir='ltr'><strong>pretium</strong></span> <span class='ocrx_word' id='word_1_168' title='bbox 921 2984 962 3055; x_wconf 86' lang='lat' dir='ltr'><strong>ab</strong></span> <span class='ocrx_word' id='word_1_169' title='bbox 982 3008 1023 3056; x_wconf 92' lang='lat' dir='ltr'><strong>eo</strong></span> <span class='ocrx_word' id='word_1_170' title='bbox 1041 2985 1121 3057; x_wconf 91' lang='lat' dir='ltr'><strong>inde</strong></span> <span class='ocrx_word' id='word_1_171' title='bbox 1139 3010 1194 3060; x_wconf 91' lang='lat' dir='ltr'><strong>so-</strong></span> 
     </span>
     <span class='ocr_line' id='line_1_23' title="bbox 133 3101 1193 3178; baseline -0.002 0"><span class='ocrx_word' id='word_1_172' title='bbox 133 3104 262 3178; x_wconf 89' lang='lat' dir='ltr'><strong>lutum.</strong></span> <span class='ocrx_word' id='word_1_173' title='bbox 278 3102 364 3175; x_wconf 79' lang='lat' dir='ltr'><strong>Etsi</strong></span> <span class='ocrx_word' id='word_1_174' title='bbox 382 3103 452 3175; x_wconf 92' lang='lat' dir='ltr'><strong>sint</strong></span> <span class='ocrx_word' id='word_1_175' title='bbox 468 3102 535 3174; x_wconf 80' lang='lat' dir='ltr'><strong>tria</strong></span> <span class='ocrx_word' id='word_1_176' title='bbox 553 3101 677 3173; x_wconf 82' lang='lat' dir='ltr'><strong>solaria</strong></span> <span class='ocrx_word' id='word_1_177' title='bbox 697 3107 732 3170; x_wconf 93' lang='lat' dir='ltr'><strong>ot</strong></span> <span class='ocrx_word' id='word_1_178' title='bbox 750 3101 918 3174; x_wconf 72' lang='lat' dir='ltr'><strong>vendatur</strong></span> <span class='ocrx_word' id='word_1_179' title='bbox 934 3101 1102 3175; x_wconf 79' lang='lat' dir='ltr'><strong>solarium</strong></span> <span class='ocrx_word' id='word_1_180' title='bbox 1121 3127 1193 3176; x_wconf 88' lang='lat' dir='ltr'><strong>me·</strong></span> 
     </span>
     <span class='ocr_line' id='line_1_24' title="bbox 78 3220 1193 3321; baseline 0 -25"><span class='ocrx_word' id='word_1_181' title='bbox 78 3251 87 3269; x_wconf 76' lang='grc'><strong><em>’</em></strong></span> <span class='ocrx_word' id='word_1_182' title='bbox 133 3225 243 3312; x_wconf 87' lang='lat' dir='ltr'><strong>dium,</strong></span> <span class='ocrx_word' id='word_1_183' title='bbox 261 3222 392 3295; x_wconf 88' lang='lat' dir='ltr'><strong>babens</strong></span> <span class='ocrx_word' id='word_1_184' title='bbox 407 3223 546 3293; x_wconf 92' lang='lat' dir='ltr'><strong>domum</strong></span> <span class='ocrx_word' id='word_1_185' title='bbox 563 3220 761 3294; x_wconf 75' lang='lat' dir='ltr'><strong>inferiorem</strong></span> <span class='ocrx_word' id='word_1_186' title='bbox 781 3232 816 3293; x_wconf 89' lang='lat' dir='ltr'><strong>et</strong></span> <span class='ocrx_word' id='word_1_187' title='bbox 832 3221 906 3292; x_wconf 86' lang='lat' dir='ltr'><strong>solo</strong></span> <span class='ocrx_word' id='word_1_188' title='bbox 920 3221 1118 3317; x_wconf 77' lang='lat' dir='ltr'><strong>contiguam</strong></span> <span class='ocrx_word' id='word_1_189' title='bbox 1134 3227 1193 3321; x_wconf 84' lang='lat' dir='ltr'><strong>jus</strong></span> 
     </span>
     <span class='ocr_line' id='line_1_25' title="bbox 133 3337 1195 3435; baseline 0 -23"><span class='ocrx_word' id='word_1_190' title='bbox 133 3339 236 3412; x_wconf 82' lang='lat' dir='ltr'><strong>finale</strong></span> <span class='ocrx_word' id='word_1_191' title='bbox 263 3362 324 3435; x_wconf 85' lang='lat' dir='ltr'><strong>pno</strong></span> <span class='ocrx_word' id='word_1_192' title='bbox 348 3339 476 3410; x_wconf 79' lang='lat' dir='ltr'><strong>solacio</strong></span> <span class='ocrx_word' id='word_1_193' title='bbox 499 3337 614 3409; x_wconf 90' lang='lat' dir='ltr'><strong>medio</strong></span> <span class='ocrx_word' id='word_1_194' title='bbox 640 3338 779 3410; x_wconf 85' lang='lat' dir='ltr'><strong>vendito</strong></span> <span class='ocrx_word' id='word_1_195' title='bbox 804 3360 964 3410; x_wconf 78' lang='lat' dir='ltr'><strong>exercere</strong></span> <span class='ocrx_word' id='word_1_196' title='bbox 983 3343 1114 3434; x_wconf 86' lang='lat' dir='ltr'><strong>potest,</strong></span> <span class='ocrx_word' id='word_1_197' title='bbox 1136 3364 1195 3412; x_wconf 85' lang='lat' dir='ltr'><strong>ex-</strong></span> 
     </span>
     <span class='ocr_line' id='line_1_26' title="bbox 133 3455 1193 3552; baseline -0.002 -22"><span class='ocrx_word' id='word_1_198' title='bbox 133 3457 232 3530; x_wconf 82' lang='lat' dir='ltr'><strong>cluso</strong></span> <span class='ocrx_word' id='word_1_199' title='bbox 247 3457 397 3529; x_wconf 79' lang='lat' dir='ltr'><strong>habente</strong></span> <span class='ocrx_word' id='word_1_200' title='bbox 412 3463 605 3528; x_wconf 76' lang='lat' dir='ltr'><strong>extremum</strong></span> <span class='ocrx_word' id='word_1_201' title='bbox 621 3455 803 3540; x_wconf 80' lang='lat' dir='ltr'><strong>solacium,</strong></span> <span class='ocrx_word' id='word_1_202' title='bbox 822 3457 912 3550; x_wconf 91' lang='lat' dir='ltr'><strong>quod</strong></span> <span class='ocrx_word' id='word_1_203' title='bbox 931 3457 1092 3552; x_wconf 79' lang='lat' dir='ltr'><strong>superius</strong></span> <span class='ocrx_word' id='word_1_204' title='bbox 1110 3480 1193 3528; x_wconf 91' lang='lat' dir='ltr'><strong>con·</strong></span> 
     </span>
     <span class='ocr_line' id='line_1_27' title="bbox 132 3572 1193 3650; baseline -0.001 -1"><span class='ocrx_word' id='word_1_205' title='bbox 132 3576 295 3650; x_wconf 89' lang='lat' dir='ltr'><strong>stitutum</strong></span> <span class='ocrx_word' id='word_1_206' title='bbox 317 3580 383 3648; x_wconf 88' lang='lat' dir='ltr'><strong>est.</strong></span> <span class='ocrx_word' id='word_1_207' title='bbox 405 3575 449 3648; x_wconf 84' lang='lat' dir='ltr'><strong>Et</strong></span> <span class='ocrx_word' id='word_1_208' title='bbox 471 3573 632 3647; x_wconf 80' lang='lat' dir='ltr'><strong>similiter</strong></span> <span class='ocrx_word' id='word_1_209' title='bbox 650 3574 679 3645; x_wconf 89' lang='lat' dir='ltr'><strong>si</strong></span> <span class='ocrx_word' id='word_1_210' title='bbox 695 3572 868 3648; x_wconf 69' lang='lat' dir='ltr'><strong>‘vendatur</strong></span> <span class='ocrx_word' id='word_1_211' title='bbox 892 3574 1057 3646; x_wconf 84' lang='lat' dir='ltr'><strong>solarium</strong></span> <span class='ocrx_word' id='word_1_212' title='bbox 1081 3582 1193 3649; x_wconf 78' lang='lat' dir='ltr'><strong>extae-</strong></span> 
     </span>
     <span class='ocr_line' id='line_1_28' title="bbox 132 3688 1192 3787; baseline -0.001 -23"><span class='ocrx_word' id='word_1_213' title='bbox 132 3713 356 3786; x_wconf 82' lang='lat' dir='ltr'><strong>mum,sopna</strong></span> <span class='ocrx_word' id='word_1_214' title='bbox 370 3689 461 3787; x_wconf 90' lang='lat' dir='ltr'><strong>quod</strong></span> <span class='ocrx_word' id='word_1_215' title='bbox 476 3690 643 3762; x_wconf 75' lang='lat' dir='ltr'><strong>solacium</strong></span> <span class='ocrx_word' id='word_1_216' title='bbox 662 3688 757 3761; x_wconf 87' lang='lat' dir='ltr'><strong>aliud</strong></span> <span class='ocrx_word' id='word_1_217' title='bbox 776 3688 943 3760; x_wconf 83' lang='lat' dir='ltr'><strong>solacium</strong></span> <span class='ocrx_word' id='word_1_218' title='bbox 963 3713 1031 3761; x_wconf 93' lang='lat' dir='ltr'><strong>non</strong></span> <span class='ocrx_word' id='word_1_219' title='bbox 1049 3698 1114 3776; x_wconf 87' lang='lat' dir='ltr'><strong>ost,</strong></span> <span class='ocrx_word' id='word_1_220' title='bbox 1132 3691 1192 3762; x_wconf 91' lang='lat' dir='ltr'><strong>ba·</strong></span> 
     </span>
     <span class='ocr_line' id='line_1_29' title="bbox 131 3797 1193 3902; baseline -0.003 -21"><span class='ocrx_word' id='word_1_221' title='bbox 131 3808 218 3881; x_wconf 88' lang='lat' dir='ltr'><strong>bens</strong></span> <span class='ocrx_word' id='word_1_222' title='bbox 237 3807 390 3880; x_wconf 88' lang='lat' dir='ltr'><strong>medium</strong></span> <span class='ocrx_word' id='word_1_223' title='bbox 410 3806 574 3879; x_wconf 81' lang='lat' dir='ltr'><strong>solarium</strong></span> <span class='ocrx_word' id='word_1_224' title='bbox 596 3806 654 3902; x_wconf 85' lang='lat' dir='ltr'><strong>jus</strong></span> <span class='ocrx_word' id='word_1_225' title='bbox 677 3804 778 3876; x_wconf 85' lang='lat' dir='ltr'><strong>finale</strong></span> <span class='ocrx_word' id='word_1_226' title='bbox 797 3797 932 3878; x_wconf 85' lang='lat' dir='ltr'><strong>tantum</strong></span> <span class='ocrx_word' id='word_1_227' title='bbox 951 3829 1114 3878; x_wconf 77' lang='lat' dir='ltr'><strong>exercere</strong></span> <span class='ocrx_word' id='word_1_228' title='bbox 1132 3830 1193 3902; x_wconf 94' lang='lat' dir='ltr'><strong>po-</strong></span> 
     </span>
     <span class='ocr_line' id='line_1_30' title="bbox 131 3915 1191 4017; baseline -0.003 -23"><span class='ocrx_word' id='word_1_229' title='bbox 131 3929 218 4010; x_wconf 84' lang='lat' dir='ltr'><strong>test,</strong></span> <span class='ocrx_word' id='word_1_230' title='bbox 233 3943 320 3994; x_wconf 85' lang='lat' dir='ltr'><strong>¹oum</strong></span> <span class='ocrx_word' id='word_1_231' title='bbox 339 3920 452 4017; x_wconf 89' lang='lat' dir='ltr'><strong>ipsum</strong></span> <span class='ocrx_word' id='word_1_232' title='bbox 471 3920 637 3992; x_wconf 79' lang='lat' dir='ltr'><strong>solacium</strong></span> <span class='ocrx_word' id='word_1_233' title='bbox 656 3915 809 3991; x_wconf 88' lang='lat' dir='ltr'><strong>medium</strong></span> <span class='ocrx_word' id='word_1_234' title='bbox 829 3918 875 3989; x_wconf 89' lang='lat' dir='ltr'><strong>sit</strong></span> <span class='ocrx_word' id='word_1_235' title='bbox 895 3917 1094 3991; x_wconf 88' lang='lat' dir='ltr'><strong>immediate</strong></span> <span class='ocrx_word' id='word_1_236' title='bbox 1113 3944 1191 4016; x_wconf 84' lang='lat' dir='ltr'><strong>pco-</strong></span> 
     </span>
    </p>
   </div>
   <div class='ocr_carea' id='block_1_3' title="bbox 133 4035 1190 4126">
    <p class='ocr_par' dir='ltr' id='par_1_3' title="bbox 133 4035 1190 4126">
     <span class='ocr_line' id='line_1_31' title="bbox 133 4035 1190 4126; baseline -0.004 -14"><span class='ocrx_word' id='word_1_237' title='bbox 133 4038 264 4114; x_wconf 79' lang='lat' dir='ltr'><strong>nimum</strong></span> <span class='ocrx_word' id='word_1_238' title='bbox 276 4037 368 4112; x_wconf 92' lang='lat' dir='ltr'><strong>dioto</strong></span> <span class='ocrx_word' id='word_1_239' title='bbox 384 4038 670 4126; x_wconf 81' lang='lat' dir='ltr'><strong>soleniovondito;</strong></span> <span class='ocrx_word' id='word_1_240' title='bbox 683 4044 717 4110; x_wconf 85' lang='lat' dir='ltr'><strong>et</strong></span> <span class='ocrx_word' id='word_1_241' title='bbox 731 4037 759 4109; x_wconf 86' lang='lat' dir='ltr'><strong>si</strong></span> <span class='ocrx_word' id='word_1_242' title='bbox 774 4035 943 4110; x_wconf 83' lang='lat' dir='ltr'><strong>vendatur</strong></span> <span class='ocrx_word' id='word_1_243' title='bbox 956 4035 1122 4108; x_wconf 79' lang='lat' dir='ltr'><strong>solacium</strong></span> <span class='ocrx_word' id='word_1_244' title='bbox 1138 4038 1190 4108; x_wconf 92' lang='lat' dir='ltr'><strong>in-</strong></span> 
     </span>
    </p>
   </div>
   <div class='ocr_carea' id='block_1_4' title="bbox 134 4153 1188 4300">
    <p class='ocr_par' dir='ltr' id='par_1_4' title="bbox 134 4153 1188 4300">
     <span class='ocr_line' id='line_1_32' title="bbox 134 4153 1188 4252; baseline -0.005 -23"><span class='ocrx_word' id='word_1_245' title='bbox 134 4156 266 4246; x_wconf 81' lang='lat' dir='ltr'><strong>fimum,</strong></span> <span class='ocrx_word' id='word_1_246' title='bbox 287 4157 361 4244; x_wconf 87' lang='lat' dir='ltr'><strong>ilie,</strong></span> <span class='ocrx_word' id='word_1_247' title='bbox 382 4156 441 4252; x_wconf 90' lang='lat' dir='ltr'><strong>qui</strong></span> <span class='ocrx_word' id='word_1_248' title='bbox 459 4155 563 4230; x_wconf 83' lang='lat' dir='ltr'><strong>habet</strong></span> <span class='ocrx_word' id='word_1_249' title='bbox 579 4154 744 4228; x_wconf 84' lang='lat' dir='ltr'><strong>solarium</strong></span> <span class='ocrx_word' id='word_1_250' title='bbox 760 4176 862 4249; x_wconf 81' lang='lat' dir='ltr'><strong>sopra</strong></span> <span class='ocrx_word' id='word_1_251' title='bbox 876 4153 988 4249; x_wconf 90' lang='lat' dir='ltr'><strong>ipsum</strong></span> <span class='ocrx_word' id='word_1_252' title='bbox 1009 4154 1188 4227; x_wconf 87' lang='lat' dir='ltr'><strong>immedia-</strong></span> 
     </span>
     <span class='ocr_line' id='line_1_33' title="bbox 967 4265 983 4300; baseline 0 0"><span class='ocrx_word' id='word_1_253' title='bbox 967 4265 983 4300; x_wconf 69' lang='lat'><em>*</em></span> 
     </span>
    </p>
   </div>
   <div class='ocr_carea' id='block_1_5' title="bbox 0 0 1562 5214">
    <p class='ocr_par' dir='ltr' id='par_1_5' title="bbox 0 0 1562 5214">
     <span class='ocr_line' id='line_1_34' title="bbox 0 0 1562 5214; baseline 0 3"><span class='ocrx_word' id='word_1_254' title='bbox 0 0 1562 5214; x_wconf 95' lang='lat' dir='ltr'><strong> </strong></span> 
     </span>
    </p>
   </div>
  </div>
 </body>
</html>
