3098 5218
814 479 862 494 ..
879 437 925 510 35
943 477 988 492 ...

712 691 867 764 Ruunros
884 690 1061 766 LXXXlll.

454 931 502 1007 lla
518 929 672 1005 vassallis
689 931 923 1040 conveniendis
939 933 979 1002 ia
996 930 1102 1006 llario
1113 929 1324 1025 Bajulorura.

410 1168 509 1254 Quod
526 1169 556 1240 si
575 1168 703 1264 aliquis
722 1165 827 1239 homo
845 1166 930 1240 velit
949 1166 985 1238 in
1004 1165 1108 1240 Curia
1126 1167 1286 1244 Surrenti
1306 1189 1427 1240 eoram

360 1287 483 1385 Bajulo
509 1293 544 1360 et
560 1286 743 1361 iudicibus
768 1285 928 1361 Surrenti
953 1287 1142 1360 convenire
1169 1286 1323 1381 aliquem
1347 1308 1427 1359 vas-

359 1390 485 1477 sallum
511 1428 575 1478 seu
600 1405 783 1501 angurium
810 1404 960 1502 alicujus
986 1405 1142 1478 hominis
1167 1405 1210 1477 de
1236 1407 1421 1492 Surrento,

359 1522 449 1616 quod
469 1521 528 1617 qui
548 1521 697 1595 intendit
715 1521 827 1618 ipsum
846 1520 1037 1594 vassallum
1054 1521 1241 1594 convenire
1261 1526 1425 1593 teneatur

357 1645 393 1710 et
414 1637 539 1710 debeat
565 1639 665 1711 uitari
690 1637 805 1710 lauare
830 1637 962 1709 dietum
979 1637 1170 1711 vassallum
1188 1644 1223 1710 et
1242 1636 1425 1710 dominum

357 1753 468 1850 ipsius
491 1755 654 1841 vassalli,
680 1760 719 1826 ut
744 1753 850 1826 faeiat
866 1777 946 1825 eum
964 1754 1101 1854 venire;¹
1117 1761 1152 1827 et
1169 1754 1200 1825 si
1219 1752 1320 1825 aliter
1337 1753 1426 1824 aite-

339 1877 424 1955 .tur,
448 1870 620 1943 vassallus
646 1892 715 1941 non
739 1876 900 1941 teneatur
924 1891 989 1943 neu
1014 1869 1141 1943 debeat
1156 1869 1366 1966 respondere
1386 1871 1423 1944 iu

354 1985 487 2082 judicio
510 1987 587 2058 sine
605 1987 785 2060 vuluntate
810 1987 943 2059 domini
971 1975 1229 2061 sustuleras
1249 1985 1421 2060 vassallus

357 2126 425 2175 uon
445 2102 552 2176 luerit
570 2105 711 2191 citatus,
732 2105 941 2178 auctoritato
959 2104 1091 2177 domini
1110 2105 1165 2178 sui
1183 2106 1301 2179 veniat
1318 2110 1354 2176 et
1372 2104 1422 2178 al·

357 2223 461 2318 leget,
480 2221 536 2295 vel
557 2223 683 2296 mittat.

713 2453 869 2526 Rusnrun
886 2452 1058 2526 LXXXIV.

506 2688 554 2762 lla
571 2691 804 2762 instrumentis
820 2690 1037 2786 laetisonae
1055 2691 1268 2768 Surrentum.

404 2928 501 3016 Quod
528 2927 557 2998 si
588 2934 730 3022 apparet
761 2927 893 3022 aliquid
926 2929 1197 3004 instrumentum
1238 2930 1418 3028 publicum

355 3048 553 3123 conlectum
583 3056 678 3118 extra
703 3055 831 3118 terram
856 3047 1014 3121 Surrenti
1046 3056 1168 3122 eontra
1193 3050 1345 3146 aliquem
1373 3052 1416 3124 de

354 3168 535 3251 Surrento,
556 3163 610 3236 vel
629 3164 721 3258 quod
741 3171 868 3236 ueneat
887 3165 993 3238 alicui
1013 3166 1054 3238 de
1073 3168 1255 3250 Surrento,
1276 3155 1415 3262 quodsi

353 3286 389 3356 in
408 3287 483 3381 ipso
503 3285 734 3356 instrumento
752 3307 820 3356 uon
840 3290 922 3356 sunt
939 3285 1055 3358 testati
1069 3285 1124 3360 vel
1139 3285 1324 3383 subscripti
1344 3288 1414 3360 duo

353 3403 406 3475 vel
425 3409 497 3473 tres
515 3403 622 3474 testes
640 3397 799 3471 homines
818 3400 860 3472 de
874 3399 1054 3488 Surrento,
1072 3403 1187 3502 ipsum
1202 3404 1414 3478 iustrumen-

351 3528 426 3594 tum
451 3543 519 3592 non
550 3517 676 3590 habeat
697 3519 851 3615 vigorem
880 3520 915 3591 iu
934 3519 1069 3617 iudicio
1088 3522 1143 3595 vel
1161 3528 1271 3609 extra,
1292 3529 1328 3596 et
1345 3524 1414 3596 tale

350 3640 623 3710 instrumentum
654 3633 699 3706 sit
723 3634 827 3709 inane
851 3643 888 3707 et
904 3659 1067 3727 vacuum,
1085 3645 1121 3710 et
1137 3639 1269 3712 nullam
1289 3638 1413 3714 haheat

350 3757 573 3843 firmitatem,
599 3755 754 3852 exeeptis
776 3756 1009 3844 testamentis,
1028 3778 1117 3852 quae
1135 3755 1225 3830 liunt
1245 3764 1341 3830 extra
1357 3755 1412 3830 Ci-

349 3874 505 3960 vitatem,
526 3873 609 3946 lioet
635 3897 704 3946 non
724 3874 795 3945 sint
813 3873 860 3945 ibi
879 3873 1067 3973 subscripti
1086 3875 1245 3950 homines
1268 3875 1311 3948 de
1329 3875 1412 3950 Sur·

351 3997 461 4076 rento,
483 3997 555 4064 rata
572 3996 608 4063 el
625 3991 721 4064 lrrma
740 3996 976 4086 permaneant.
