3116 5214
809 452 1031 556 x---aa-.-'

377 606 413 672 et
425 597 676 672 constitutione
695 601 836 690 quartae
856 597 1065 692 praedictae,
1082 593 1242 667 debonis
1259 595 1346 692 ipsis
1365 623 1441 672 ma·
1529 607 1530 654 ἲ

377 724 430 787 ter
450 715 660 811 praeaoeipit
683 721 841 807 quartam
858 736 975 798 suam,
996 718 1031 783 et
1052 712 1095 783 dc
1113 710 1259 806 reliquis
1276 710 1377 786 honis
1396 717 1442 788 ad
1529 777 1530 804 p

378 833 492 927 ipsunt
526 829 638 902 filium
679 828 916 924 spectantibus
950 847 1059 900 nurus
1088 829 1260 922 quondam
1290 833 1443 928 percipit
1529 821 1530 896 ἶ

377 955 536 1043 quartam
553 968 668 1019 snam.
1105 973 1108 982 ¹

777 1187 934 1260 Ruaarca
950 1183 1037 1259 XIV.

380 1423 518 1513 Quoad
529 1431 628 1519 poter
641 1431 673 1496 ct
685 1429 792 1494 muter
806 1429 962 1494 tenentur
979 1423 1024 1496 cd
1041 1423 1283 1496 restitutionem
1299 1421 1437 1494 dotium.

426 1657 463 1730 Si
476 1663 584 1753 pater,
595 1660 706 1727 mater
717 1677 906 1751 eorumque
921 1655 1016 1729 tilius
1028 1654 1134 1727 simul
1149 1656 1338 1751 conscripti
1356 1663 1442 1728 sunt

378 1775 414 1847 in
437 1776 668 1845 instrumento
693 1772 800 1843 dotali
824 1773 997 1869 recepisse
1016 1773 1133 1845 dotem
1151 1773 1266 1844 datam
1289 1772 1383 1860 filio,
1406 1777 1442 1843 et

377 1892 439 1962 dos
457 1891 528 1985 ipsa
548 1897 602 1962 est
619 1890 655 1960 in
672 1911 756 1962 casu
775 1887 1026 1976 restitutionis,
1048 1897 1144 1984 pater
1163 1896 1298 1962 tantum
1321 1890 1364 1964 ad
1384 1913 1441 1962 re-

376 2009 594 2082 stitutionem
613 2009 688 2106 ejus
705 2014 857 2094 tenetur,
877 2008 907 2078 si
925 2014 979 2080 est
995 2009 1173 2084 solvendo.

788 2243 944 2320 annno
959 2242 1030 2317 XV.

416 2480 456 2554 ic
473 2479 588 2578 paidos
606 2478 735 2552 caridus
752 2478 828 2554 ticet
845 2479 1043 2553 auctoritate
1055 2483 1196 2576 propriu
1208 2481 1403 2576 pipncrcrc.

427 2718 493 2790 Pro
512 2717 677 2816 pensione
696 2717 839 2805 domus,
863 2722 988 2802 terrae,
1005 2720 1179 2806 terranei,
1200 2719 1299 2792 tundi
1316 2719 1371 2793 vel
1390 2721 1441 2792 al-

378 2835 490 2908 terius
518 2832 765 2931 possessionis,
786 2840 821 2905 et
839 2832 917 2904 aliis
940 2834 1064 2906 deinde
1084 2835 1227 2922 debitis,
1249 2835 1386 2908 licitum
1406 2846 1442 2910 et

378 2949 588 3045 permissum
608 2954 662 3020 est
680 2948 818 3020 domino
837 2948 989 3045 ipsarum
1013 2957 1184 3022 terrarum
1203 2958 1238 3023 et
1256 2952 1440 3025 domorum

379 3065 435 3139 vel
454 3065 648 3162 possessori
668 3066 876 3137 auctoritate
896 3065 1032 3162 propria
1050 3066 1245 3164 pignorare.

427 3184 464 3258 si
479 3184 606 3279 aliquis
622 3181 758 3256 dederit
772 3182 935 3254 animalia
950 3183 1056 3256 alicui
1075 3184 1117 3255 ad
1136 3185 1357 3272 menendum,
1378 3211 1440 3282 po·

378 3305 448 3372 test
471 3322 533 3394 pro
559 3298 729 3369 monendo
753 3319 814 3393 pro
832 3298 906 3394 ipso
924 3298 1067 3371 animali
1085 3299 1202 3373 debito
1229 3305 1438 3376 auctoritate

275 3452 277 3460 s
379 3417 517 3513 propria
543 3438 605 3512 per
630 3437 666 3486 se
690 3414 746 3488 vel
760 3415 941 3487 'familiam
959 3438 1057 3488 suam
1076 3422 1253 3498 tenentem
1272 3419 1438 3492 animalia

382 3533 425 3605 ad
452 3533 663 3606 menendum
690 3533 890 3630 pignorare,
919 3533 1087 3629 capiendo
1114 3533 1187 3632 ipsa
1213 3533 1439 3609 animalia‘ad
1529 3527 1530 3566 ¹

381 3649 594 3722 menendum
619 3648 674 3722 vel
700 3649 742 3720 de
769 3649 848 3721 aliis
866 3649 970 3734 rebus
989 3651 1174 3724 mobilibus
1192 3653 1345 3726 tenentis
1364 3655 1438 3750 ipsa

273 3801 277 3810 ·
381 3767 848 3840 animaliaadmenandurn.

430 3885 495 3957 Pro
521 3884 637 3957 debito
664 3892 799 3973 auten,
826 3887 917 3982 quod
933 3893 1057 3960 tenens
1074 3887 1239 3960 animalia
1256 3888 1360 3961 debet
1378 3890 1437 3961 do·

382 4005 475 4078 mino
500 4002 703 4076 animalium
730 4027 789 4100 pro
815 4005 1000 4078 medietate
1035 4008 1187 4101 ipsorum
1213 4006 1433 4094 animalium,

382 4121 545 4196 animalia
560 4119 633 4218 ipsa
644 4128 779 4195 tanturn
792 4127 907 4218 potest
919 4122 1080 4198 dominus
1094 4123 1296 4198 animalium
1315 4133 1435 4206 aueto-
