3098 5228
556 541 605 559 ...
621 503 666 574 67
683 545 731 560 ..

514 761 669 840 Rurrrcr
693 763 790 839 LVII.

414 997 462 1072 Ds
479 999 692 1075 divisionibus
707 1001 865 1098 fratrum.

168 1230 204 1305 Si
224 1238 308 1306 sunt
324 1239 396 1308 ires
413 1229 549 1323 fraires,
571 1231 720 1331 quatuor
736 1235 792 1310 rel
808 1235 941 1334 piures,
962 1239 998 1310 et
1016 1237 1175 1313 dividunt

116 1347 209 1422 inter
233 1373 270 1424 ss
303 1351 393 1426 bona
418 1373 559 1438 eorum,
585 1358 621 1426 ei
644 1373 735 1428 unus
755 1352 811 1425 rel
835 1352 904 1426 duo
923 1375 963 1424 er
981 1353 1033 1426 eis
1050 1354 1174 1450 recipit
1282 1423 1283 1428 ,
1319 1419 1331 1446 ,

117 1474 313 1571 portionem
332 1491 430 1542 surm
450 1491 510 1566 pro
529 1469 651 1557 diviso,
667 1476 702 1541 et
715 1468 774 1540 alii
789 1468 967 1566 recipiunt
979 1470 1171 1566 portionem

114 1613 216 1663 suam
234 1612 296 1686 pro
314 1587 463 1662 indiviso
480 1608 542 1659 seu
562 1587 597 1659 in
615 1586 806 1673 communi,
820 1591 856 1659 ei
873 1585 935 1658 ille
954 1586 1009 1660 vel
1029 1587 1096 1674 illi,
1111 1589 1170 1683 qui

1 1765 2 1804 3
114 1712 323 1802 receperunt
340 1704 534 1801 portionem
553 1691 651 1775 suam
666 1723 727 1799 pro
743 1701 864 1786 diviso,
881 1700 1018 1776 faciunt
1030 1702 1171 1798 aliquod

114 1824 386 1896 instrumentum
411 1818 612 1892 securitatis
632 1818 712 1890 aliis
735 1818 918 1906 iratribus,
947 1820 1006 1915 qui
1022 1841 1170 1916 recepe·

112 1945 197 2012 runt
222 1936 420 2030 portionem·
443 1957 563 2008 eorum
590 1933 627 2007 in
653 1934 831 2008 communi
854 1957 918 2008 seu
942 1931 1110 2024 indiviso,
1131 1943 1170 2009 ui

113 2055 214 2128 nulio
233 2075 386 2149 unquam
404 2057 559 2148 ternpore
577 2056 696 2124 contra
715 2073 776 2124 eos
791 2051 930 2125 veniant
948 2052 990 2124 de
1003 2053 1170 2149 portioni·

112 2171 180 2245 bus
197 2192 332 2256 eorum,
346 2168 437 2265 quod
453 2169 481 2240 si
498 2167 716 2266 postmodum
733 2167 880 2239 moritur
894 2165 1080 2249 intestatus
1096 2171 1169 2244 sive

114 2287 206 2360 inira
231 2287 319 2359 illud
337 2293 495 2381 ternpus,
517 2307 585 2380 quo
602 2281 724 2356 testari
742 2304 811 2355 non
830 2282 959 2380 possit,
981 2284 1063 2356 filiis
1082 2285 1167 2382 legi·

111 2394 209 2478 timis
231 2426 300 2476 non
323 2403 477 2490 relictis,
505 2425 597 2475 unus
614 2424 655 2473 ex
674 2399 747 2473 illis
765 2397 930 2473 fratribus
951 2402 1009 2497 qui
1028 2425 1170 2500 recepe·

109 2528 194 2595 runt
210 2519 405 2618 portionem
433 2541 553 2594 eorum
578 2517 615 2590 in
633 2517 810 2592 communi
829 2517 901 2591 sire
919 2541 981 2616 pro
999 2519 1163 2609 indiviso,

1 2699 2 2702 ,
110 2638 204 2736 quod
233 2639 346 2736 portio
375 2637 472 2712 illius
498 2637 680 2710 morientis
704 2637 808 2709 debet
830 2635 939 2712 dividi
970 2635 1165 2711 'eommunis

109 2757 203 2828 inter
219 2775 341 2827 omnes
367 2752 516 2840 fraires,
543 2761 612 2825 iarn
631 2753 723 2824 inter
740 2751 864 2826 fratres
881 2753 940 2848 qui
959 2763 1165 2850 receperunt

107 2870 304 2968 portionem
322 2891 420 2942 surm
438 2892 500 2967 pro
518 2868 680 2954 indiviso,
702 2891 806 2963 quam
825 2870 1015 2943 interillos
1033 2872 1092 2967 qui
1110 2895 1164 2946 re·

106 2992 276 3086 oeperunt
293 2988 487 3086 portionem
507 3008 606 3060 suam
624 3009 686 3082 pro
704 2987 830 3074 divis0‚
849 2989 1093 3065 nonobstante
1112 2989 1166 3064 in·
1190 2997 1192 3002 “

106 3113 304 3182 strumento
320 3105 510 3204 prsedisio.
644 3107 647 3115 ’

483 3343 640 3417 Rurrrcr
666 3343 778 3417 svm.

192 3561 195 3566 ¹
279 3619 287 3632 ν
352 3577 401 3652 Dr
417 3578 678 3654 ssraersionibsrs
694 3578 735 3651 ab
751 3581 932 3653 interisio?
951 3560 954 3570 ¹

155 3812 254 3902 Quod
278 3813 308 3885 si
340 3815 418 3910 quis
448 3817 553 3887 horno
583 3820 681 3910 pater
705 3815 902 3909 aliquorum
926 3814 1077 3888 filiorum
1104 3818 1162 3889 dat

109 3931 304 4028 portionem
324 3953 423 4005 suam
442 3931 524 4004 filiis
543 3933 635 4019 suis,
662 3930 752 4025 quod
772 3932 801 4002 si
821 3953 911 4002 unus
930 3954 972 4003 ex
991 3932 1060 4005 illis
1079 3933 1160 4006 iiiiis

107 4047 258 4120 moritur
277 4045 567 4146 intestatus,flliis
586 4046 751 4142 legitimis
765 4071 834 4120 non
854 4045 999 4138 relictis,
1016 4049 1075 4122 alii
1094 4049 1161 4124 sra-

108 4170 182 4237 irss
200 4164 394 4238 succedunt
412 4162 448 4237 in
466 4163 566 4238 bonis
584 4163 658 4238 suis
676 4171 824 4237 tantum.
