3098 5218
787 407 1008 545 ...68-

434 612 531 704 Quod
558 614 587 686 ei
613 611 692 709 quis
715 609 819 684 homo
845 609 949 686 habet
965 609 1075 695 iilius,
1102 615 1138 681 et
1160 607 1235 706 ipse
1255 614 1352 706 peter
1370 608 1455 682 vnit

387 735 470 807 dare
497 733 692 830 pontionem
719 729 761 801 de
787 728 899 802 honis·
912 730 987 802 suis
1008 728 1114 802 dietis
1133 726 1216 800 filiis
1234 728 1330 815 suis,
1350 729 1452 823 quod

385 853 452 952 ipsi
472 852 535 926 filii
555 851 610 924 sni
629 849 758 923 debent
774 848 901 923 habene
920 848 1114 946 portionem
1129 867 1251 919 eorum
1265 846 1309 920 de
1333 848 1452 920 omni·

384 970 451 1045 hue
468 968 570 1042 bonis
586 966 739 1065 paternis
757 974 793 1040 et
809 966 975 1040 maternis
988 987 1049 1063 pso
1063 963 1262 1066 medietate,
1273 968 1308 1039 et
1327 963 1369 1035 de
1383 963 1451 1037 ho-

384 1089 440 1161 nis
458 1084 638 1182 acquisitis
655 1107 715 1182 per
732 1105 826 1169 eum,
846 1088 882 1154 et
897 1080 1103 1181 proieetitiis
1121 1086 1157 1154 et
1174 1079 1387 1166 adventitiis,
1408 1087 1449 1154 et

384 1203 426 1276 de
441 1200 589 1299 pecunia
606 1198 773 1272 uasti-ensi
788 1197 843 1272 vel
856 1196 977 1293 quasi;
991 1194 1143 1272 exelusis
1158 1201 1276 1268 tamen
1296 1193 1332 1266 iu
1348 1217 1450 1268 eonn-

383 1317 482 1392 muni
508 1315 632 1389 exinde
658 1314 759 1388 malis
786 1313 911 1388 ablatis
934 1335 995 1410 per
1012 1313 1144 1388 dietum
1163 1317 1297 1409 patrem
1320 1333 1442 1400 suum,

384 1442 420 1509 et
435 1435 479 1507 de
493 1433 595 1508 malis
613 1432 736 1507 ablatis
754 1439 865 1506 statur
881 1438 1100 1505 sacramento
1114 1428 1221 1527 patuis
1241 1449 1377 1516 aevum,
1388 1431 1448 1504 vel

385 1553 490 1626 etiam
509 1551 625 1625 debito
643 1549 734 1624 sueto
746 1573 807 1649 per
819 1549 980 1623 eumdem
994 1557 1126 1647 patrem
1144 1570 1261 1622 suum.
1281 1547 1447 1622 Debitum

384 1671 501 1739 autem
520 1662 623 1737 debet
639 1668 798 1736 constare
816 1683 877 1758 peu
893 1666 1001 1736 testes
1015 1660 1070 1736 vel
1088 1682 1149 1759 per
1167 1657 1445 1733 instrumentum

385 1779 577 1878 publicum.

434 1894 532 1984 Quod
552 1896 581 1968 si
600 1895 727 1991 aliquis
744 1895 848 1968 hemo
864 1894 969 1970 habet
983 1893 1263 1984 filiumfamilias,
1282 1903 1317 1970 et
1331 1896 1445 1974 filius·

386 2011 537 2086 familias
554 2012 613 2084 iile
632 2010 757 2110 veeipit
771 2010 922 2107 aliquam
940 2010 976 2086 iu
994 2032 1157 2100 uxorem,
1183 2012 1275 2107 qued
1298 2012 1328 2085 si
1348 2020 1447 2110 post·

386 2130 528 2204 modum
553 2129 690 2203 desedit
718 2129 778 2204 iile
807 2127 1053 2205 filiusfamilias
1077 2130 1318 2228 supervivente
1347 2131 1445 2206 dieta

386 2269 494 2322 uxore
523 2269 612 2331 sua,
644 2245 733 2318 nihil
758 2245 831 2341 ipsa
860 2243 987 2318 habere
1011 2242 1135 2318 debeat
1160 2267 1224 2320 nee
1248 2246 1446 2344 possitque

386 2363 546 2458 quantula
570 2361 702 2435 falsidii
726 2362 781 2435 sui
806 2385 886 2436 eum
906 2360 1152 2437 filiusfamilias
1169 2384 1238 2435 nen
1262 2362 1390 2436 habeat
1406 2363 1444 2436 in

385 2481 487 2558 bonis
511 2481 708 2557 adventitiis
741 2489 776 2554 et
805 2481 1032 2577 punientium,
1063 2486 1207 2579 excepte
1233 2481 1265 2555 si
1286 2488 1444 2580 tempore

387 2597 599 2671 matrimonii
617 2597 786 2671 nuntianti
801 2604 900 2693 pater
917 2598 1002 2672 dieti
1020 2599 1238 2674 filiifamilias
1252 2598 1376 2674 feeerit
1390 2599 1443 2674 in·
1530 2615 1531 2618 ’

388 2720 621 2788 strumentum
639 2713 754 2787 dietae
772 2715 878 2786 nurui
897 2737 980 2790 suae
999 2715 1108 2814 ipsam
1122 2740 1252 2792 nusum
1266 2739 1367 2790 suem
1380 2715 1442 2790 ha·

386 2831 470 2904 bere
487 2830 617 2903 salvam
634 2835 764 2903 eentum
783 2831 952 2926 pecuniae
970 2833 1200 2928 quantitatem
1218 2855 1323 2930 super
1339 2832 1442 2908 bonis
1529 2857 1530 2864 ³

387 2945 462 3019 suis
487 2946 620 3019 natione
643 2945 825 3043 quantulae
851 2947 966 3022 dietae
983 2973 1094 3023 nunus
1111 2972 1215 3037 suae,
1241 2956 1277 3023 et
1294 2956 1440 3049 excepto

387 3061 417 3136 si
436 3063 497 3136 ille
515 3062 761 3136 filiusfamilias
774 3063 918 3138 haberet
933 3063 1023 3138 bona
1042 3066 1214 3162 aliquande
1228 3067 1368 3166 peeuiio
1382 3091 1440 3142 eu·

389 3177 516 3249 etnensi
538 3177 591 3251 vel
616 3176 733 3274 quasi,
758 3175 795 3248 in
814 3176 939 3273 quihus
957 3177 1086 3252 habene
1101 3178 1226 3254 debeat
1243 3181 1438 3276 quantulam

388 3293 481 3366 dieta
502 3316 589 3367 uxor
605 3316 687 3368 sua:
707 3293 773 3366 hoe
789 3298 905 3366 tamen
923 3294 1060 3382 addite,
1079 3296 1219 3392 quodsi
1238 3297 1311 3394 ipse
1331 3297 1439 3372 filius·

389 3410 540 3484 familias
561 3409 717 3506 possidet
734 3408 850 3505 aliqua
867 3408 957 3484 bona
973 3410 1110 3485 stabilia
1128 3413 1314 3510 separatim
1336 3413 1437 3488 dietis

388 3529 590 3626 parentibus
612 3528 687 3602 suis
705 3527 759 3601 vel
776 3527 892 3624 atique
911 3529 1132 3626 ipserum,de
1150 3531 1235 3628 ipsis
1251 3531 1353 3607 honis
1371 3540 1438 3606 sta·

386 3645 517 3720 bilibus
529 3646 621 3721 dieta
637 3667 722 3720 uxor
736 3667 798 3721 sua
811 3644 935 3721 debeat
949 3644 1075 3722 habene
1089 3649 1287 3745 quantulam
1306 3650 1436 3726 vatione
1525 3715 1526 3737 q

386 3764 527 3840 iaisidii.
