3098 5218
585 482 760 556 -77-

146 628 365 728 postmodum
384 626 419 698 in
439 625 512 723 ipsa
537 622 707 696 incisione
720 643 789 694 non
808 620 918 718 possit
934 637 1114 702 remanere
1132 614 1199 688 nisi

147 756 284 825 tantum
309 745 463 840 liguum,
492 738 583 837 quod
606 738 795 834 vulgariter
819 736 948 813 dieitur
966 734 1145 833 prodlum,
1165 738 1201 803 et

149 885 328 942 remanere
348 859 395 934 ihi
413 863 548 934 tanturn
566 877 755 954 perennos
773 859 905 950 septem
923 857 958 924 et
975 875 1043 924 non
1057 850 1149 947 plus.

524 1091 681 1170 Ruenren
704 1087 821 1164 LXXI.
900 1101 902 1106 ·
939 1179 941 1184 Ι

206 1333 256 1406 De
272 1332 357 1427 ripis
373 1328 571 1410 eostonteeis
587 1283 751 1404 stantibus
767 1333 806 1404 io
822 1326 966 1420 confinio
983 1327 1138 1422 ultumos.

199 1559 296 1650 Quod
316 1560 346 1632 si
365 1557 492 1654 aliquis
509 1558 613 1632 homo
630 1557 736 1633 habet
752 1561 789 1633 in
807 1561 922 1659 aliqua
944 1568 1035 1634 terra
1059 1583 1123 1633 sua
1141 1583 1203 1634 sou
1245 1585 1252 1602 ·

150 1681 223 1776 ripa
247 1677 361 1773 aliqua
385 1677 479 1774 ligna
497 1676 706 1764 eusteniam,
727 1701 817 1774 quae.
832 1678 1022 1775 vulgariter
1039 1678 1203 1752 dicuntur

150 1793 298 1893 protila,
324 1814 429 1889 prope
460 1797 589 1862 terram
613 1791 762 1889 alicujus
780 1791 989 1879 eondualis,
1015 1792 1108 1888 quod
1127 1793 1202 1890 ipsa

149 1910 272 2009 proila
297 1907 445 1981 debeant
470 1908 577 1981 incidi
600 1930 662 2003 per
679 1909 815 2004 aliquos
832 1908 992 1985 homines
1009 1909 1205 1983 eommuni-
1260 1969 1263 1976 A

150 2038 203 2104 ter
221 2029 352 2101 eleetos
370 2025 528 2123 quolibet
545 2035 718 2123 tempore,
738 2051 807 2123 quo
826 2029 899 2126 ipsa
918 2027 1121 2104 duraverint
1139 2026 1205 2100 ibi·

150 2148 249 2235 dem,
269 2143 434 2219 videlieet
457 2165 517 2238 per
540 2149 672 2238 septem
691 2165 800 2216 annos
818 2150 953 2218 tantum
971 2150 1007 2216 et
1023 2168 1092 2217 non
1110 2145 1203 2242 plus,

151 2272 188 2337 et
205 2268 359 2356 tempore
377 2258 575 2355 praedictae
594 2258 777 2333 incisionis
795 2259 869 2356 ipsa
886 2259 1025 2356 proma,
1042 2281 1130 2356 quae
1151 2283 1208 2334 oe-

151 2376 303 2483 oiderint
320 2375 356 2449 iu
373 2383 465 2448 terra
484 2374 679 2480 confinalis,
695 2376 864 2449 medietas
881 2375 1035 2478 ipsorum
1054 2399 1130 2450 esse
1148 2376 1209 2449 de-

151 2495 233 2570 beat
255 2491 437 2568 confinalis
461 2499 497 2565 et
519 2492 587 2566 alie
612 2494 779 2570 medietas
797 2495 908 2580 illius,
924 2496 1024 2593 eujus
1042 2502 1096 2568 est
1114 2495 1206 2599 dieta

152 2608 242 2708 ripa,
259 2611 327 2684 nisi
346 2610 508 2688 domiuus
527 2610 639 2684 dietae
657 2612 751 2710 ripae
769 2612 862 2686 diota
880 2610 973 2708 ligna
990 2611 1156 2686 incidisse
1173 2619 1210 2686 et

154 2711 429 2804 tribus'uioibus
453 2723 602 2822 singulis
627 2726 820 2824 septenniis
844 2725 987 2824 peoifiee
1012 2733 1208 2825 asportasse

153 2844 288 2944 probet.

460 3059 469 3073 ι
528 2960 685 3036 Rusnron
708 2961 839 3036 Lxxn.

181 3174 190 3196 ’
205 3199 296 3292 Quod
311 3197 423 3276 nulius
438 3197 546 3294 soeiot
561 3216 662 3269 nouos
678 3207 852 3292 aperturos
868 3220 970 3293 sopra
985 3199 1158 3273 introitum

574 3336 786 3389 communem.

206 3552 304 3641 Quod
320 3553 350 3626 si
368 3551 495 3647 aliquis
511 3550 676 3625 introitus
689 3556 743 3622 est
757 3553 951 3626 eommunis
970 3552 1211 3650 interaiiquos

160 3669 318 3744 homines
336 3669 378 3742 de
397 3669 577 3755 Surrento,
593 3687 774 3764 perquem
792 3665 943 3742 habeant
955 3667 1088 3743 aditum
1105 3667 1210 3743 eundi

161 3796 197 3862 et
213 3785 381 3859 redeundi
401 3785 443 3857 ad
462 3783 583 3856 domos
600 3805 721 3856 eorum
745 3782 872 3857 ibidem
891 3784 1098 3872 existentes,
1119 3783 1210 3880 quod

162 3904 283 3978 nullus
302 3903 455 3999 ipsorum
473 3899 585 3999 possit
602 3899 735 3995 aperire
751 3923 813 3974 seu
832 3900 944 3974 faeere
961 3901 1113 3997 aliquam
1132 3921 1210 3998 por·

161 4031 231 4098 tam
257 4043 362 4096 eausa
380 4017 531 4092 intrandi
554 4022 590 4090 et
606 4017 753 4090 exeundi
772 4018 815 4090 ad
831 4018 982 4115 aliquam
1004 4019 1060 4095 rel
1077 4017 1211 4115 aliquas

163 4143 284 4216 domos
301 4141 471 4238 ipsorum,
491 4135 559 4210 nisi
580 4140 713 4210 tantum
732 4136 767 4210 in
785 4135 848 4212 illo
866 4137 961 4223 loeo,
984 4139 1019 4211 in
1037 4160 1104 4235 quo
1121 4138 1211 4214 euti·
