3098 5218
592 435 638 449 -
654 396 700 468 89
715 435 761 450 ...

143 540 275 614 adieto
299 536 469 611 creditore
493 558 556 608 suo
580 533 827 631 pignus-illud,
850 535 940 630 quod
963 534 1081 630 posuit
1096 555 1202 630 penes

142 680 240 745 eum,
261 681 330 730 non
348 655 506 730 obstante
523 654 553 726 si
570 653 660 728 illud
678 654 803 752 pignus
820 659 876 726 est
896 652 1042 726 minoris
1059 651 1200 726 valoris.

498 889 650 966 uorum
670 888 846 962 uxxxrrr.

199 1118 291 1209 Quod
306 1119 425 1194 villani
440 1141 508 1194 noa
524 1121 669 1218 oeodout
685 1128 811 1191 terrum
823 1123 1056 1214 peoriouatom
1073 1123 1148 1194 oioi.

195 1359 292 1447 Quod
317 1358 346 1430 si
373 1356 502 1452 aliquis
529 1355 679 1430 villanus
704 1356 759 1429 vel
783 1355 945 1444 forensis,
967 1379 1029 1429 seu
1055 1356 1203 1429 abitator

143 1482 379 1572 extramuros
397 1473 555 1547 Civitatis
569 1473 726 1546 Surrenti
744 1471 849 1546 habet
861 1496 922 1545 seu
936 1479 1031 1546 tenet
1050 1472 1202 1568 aliquam

143 1601 285 1679 terram,
305 1592 451 1665 fundum
474 1615 537 1665 seu
562 1593 722 1678 domum,
744 1591 785 1664 de
803 1615 869 1686 qua
887 1592 941 1665 vel
960 1592 1002 1664 de
1020 1591 1137 1686 aliqua
1161 1613 1204 1663 ex

143 1712 197 1784 eis
220 1718 359 1784 tenatur
381 1711 527 1782 reddere
553 1711 660 1784 alicui
684 1709 785 1783 alteri
808 1709 941 1782 homini
963 1709 1116 1804 aliquam
1142 1731 1203 1780 an-

144 1852 252 1902 nuam
270 1828 476 1924 pensionem
494 1851 556 1900 seu
575 1827 764 1914 redditum,
785 1827 878 1923 quod
896 1825 956 1899 ille
974 1825 1122 1899 lorensis
1140 1848 1203 1898 seu

141 1945 293 2020 villanus
318 1967 387 2017 non
405 1950 564 2017 teneatur
581 1967 646 2017 neo
663 1943 774 2041 possit
790 1944 953 2030 vendere,
975 1943 1128 2015 alienare
1146 1944 1202 2018 rel

141 2064 247 2135 etiam
271 2068 468 2159 permutare
487 2060 598 2156 ipsam
617 2067 745 2134 terram
764 2084 825 2134 seu
844 2060 992 2133 fundum
1009 2060 1117 2152 alioui
1134 2061 1201 2135 eivi

140 2181 302 2256 Surrenti
326 2179 401 2251 sine
425 2178 603 2253 voluntate
623 2180 737 2266 illius,
758 2179 815 2253 oui
835 2177 980 2250 debetur
996 2178 1117 2274 pensio
1136 2201 1199 2250 seu

141 2298 313 2385 redditus3
335 2305 371 2370 et
392 2297 422 2370 si
447 2296 534 2369 sorte
558 2299 678 2372 vendit
701 2299 809 2396 ipsam
833 2296 940 2370 alioui
963 2296 1029 2370 oivi
1048 2296 1123 2368 sine
1141 2319 1200 2369 vo·

141 2415 277 2488 luntate
292 2414 403 2502 illius,
420 2415 478 2488 oui
493 2414 637 2488 debetur
650 2415 770 2512 pensio
783 2414 972 2511 praedicta,
992 2435 1200 2510 componere

143 2535 303 2602 teneatur
328 2530 389 2601 ille
415 2531 576 2604 venditor
601 2530 668 2617 illi,
689 2530 747 2604 oui
773 2528 920 2601 debetur
945 2528 1038 2601 diota
1062 2528 1197 2624 pensio,

140 2654 281 2720 tarenos
308 2647 384 2720 auri
404 2647 594 2720 duodecim
617 2645 836 2741 Amalphiae:
854 2652 890 2718 et
912 2635 1144 2719 nihilominus
1169 2647 1201 2720 si

143 2768 217 2855 ille,
239 2768 295 2839 oui
315 2767 458 2839 debetur
476 2768 567 2842 diota
587 2767 721 2862 pensio,
742 2768 817 2840 vult
835 2766 961 2840 dietam
980 2775 1107 2840 terram
1124 2767 1201 2840 vin·

141 2880 258 2951 dicare
284 2878 326 2950 ab
351 2886 520 2974 emptore,
539 2878 632 2974 quod
658 2878 719 2950 ille
738 2884 872 2974 emptor
890 2886 1049 2951 teneatur
1066 2881 1148 2952 dare
1166 2880 1200 2952 ei

142 2997 185 3068 ad
203 2995 427 3091 appretiatum
447 3019 618 3067 summam
633 2995 825 3068 seeundum
846 2996 935 3094 quod
951 2997 1198 3093 appretiabitur

142 3137 202 3212 per
227 3113 378 3208 aliquem
401 3137 444 3186 ex
465 3113 661 3202 iudicibus,
687 3114 746 3209 qui
769 3138 830 3210 pro
855 3121 1010 3211 tempore
1038 3122 1140 3186 erunt
1161 3115 1197 3186 in

142 3231 287 3306 Ciuitate
305 3229 477 3303 Surrenti.

499 3473 653 3548 uorum
670 3474 830 3548 LXXXX.

356 3730 406 3804 De
423 3731 508 3802 uisis
523 3751 581 3801 seu
597 3732 773 3825 spondeatis
789 3731 978 3827 deperditis.

188 3971 286 4062 Quod
312 3971 343 4042 si
366 3969 444 4066 quis
470 3967 575 4039 homo
598 3967 702 4043 habel
719 3970 870 4065 aliquem
888 3970 1018 4056 nisum,
1040 3969 1098 4064 qui
1117 3971 1194 4044 rul-

143 4082 1191 4190 gariterdieiturspreverius,etoasufortuitoamittitipsum
1285 4097 1288 4104 '
