3116 5214
595 497 640 511 ...
657 455 703 530 29
721 495 767 511 ..

152 590 393 678 transtulisse,
421 597 589 686 quantum
613 591 656 662 ad
679 613 752 664 rem
776 591 875 664 illam
894 593 928 664 in
947 597 1059 666 totum
1084 593 1211 666 mulier

32 783 34 786 .
153 713 226 806 ipsa
245 707 464 793 excluditur,
486 713 526 780 ut
543 717 616 780 neo
624 729 686 804 per
704 707 839 793 dotem,
867 731 931 781 nec
955 733 1016 804 per
1037 715 1209 804 quartam,

152 849 218 898 nec
230 847 292 922 pro
305 826 385 922 jure
399 822 670 920 hypothecarum
689 846 923 920 possessorem
943 825 1122 919 ipsius'rci
1141 848 1213 896 em·

152 948 230 1038 ptae
256 943 423 1038 impetere
446 940 567 1038 possit.
589 941 757 1014 Remanet
779 947 894 1014 tamen
918 942 1057 1014 mulieri
1080 943 1116 1015 in
1134 943 1214 1014 aliis

154 1057 254 1142 bonis
272 1057 338 1132 uiri
354 1058 413 1154 Jus
431 1081 533 1130 suum
553 1056 702 1144 salvum,
724 1079 792 1130 non
811 1058 970 1130 obstante
988 1081 1176 1135 consensu.

203 1175 301 1249 Bona
327 1175 465 1249 stabilia
485 1175 520 1246 in
540 1175 655 1248 dotem
678 1175 758 1248 data
776 1182 888 1272 potest
905 1182 1016 1248 mater
1033 1199 1113 1250 cum
1132 1200 1216 1252 con·

156 1317 263 1370 sensu
287 1292 354 1366 viri
377 1293 530 1366 alienare
553 1300 589 1366 et
610 1297 646 1365 in
667 1293 777 1366 alium
794 1294 981 1368 transferre
998 1317 1079 1368 cum
1101 1315 1217 1368 sacra-

157 1419 294 1497 mento,
320 1409 388 1482 nisi
415 1409 480 1481 filii
502 1408 628 1504 prioris
645 1410 859 1482 matrimonii
878 1395 1119 1484 contradicant
1135 1415 1216 1482 ante

157 1525 393 1601 uenditionem
411 1524 598 1622 perlectam
613 1547 674 1621 per
687 1525 912 1598 traditionem
927 1532 991 1613 rei,
1005 1525 1218 1608 solutionem

159 1644 275 1742 pretii,
291 1649 328 1716 et
339 1644 563 1717 instrumenti
578 1645 792 1718 continentis
806 1645 1044 1718 venditionem
1063 1642 1219 1716 celebra-

161 1770 247 1849 tam,
268 1762 541 1860 assignationem
559 1760 685 1836 sactam
704 1764 865 1860 emptori.
886 1762 952 1836 Alii
970 1785 1052 1836 uero
1069 1760 1132 1833 filii
1150 1783 1219 1832 non

159 1887 318 1976 possunt.

208 1997 251 2070 Et
276 1996 439 2071 similiter
469 1997 499 2070 si
528 1986 633 2071 vidua
656 1999 786 2095 justam
818 2005 853 2070 et
882 2005 1114 2072 necessariam
1139 2019 1222 2070 cau-

159 2138 233 2188 sam
260 2113 386 2186 habeat
411 2113 585 2188 uendendi
613 2120 648 2186 et
672 2113 869 2202 alienandi,
896 2114 1126 2194 contradictio
1151 2137 1221 2188 non

159 2238 269 2304 tanet.

210 2348 246 2424 Si
262 2352 444 2420 constante
459 2346 682 2422 matrimonio
697 2349 768 2421 lilia
782 2371 823 2424 ex
837 2347 923 2444 ipsis
937 2349 1145 2448 conjugibus
1162 2371 1222 2422 su·

162 2470 280 2562 scepta
304 2464 430 2550 nubat,
452 2464 481 2536 si
499 2465 536 2535 in
554 2463 787 2538 instrumento
805 2466 914 2538 dotali
931 2467 1131 2539 continetur
1148 2488 1224 2538 oer-

162 2591 237 2656 tum
262 2581 354 2677 quod
377 2581 515 2678 dedisse
539 2581 576 2656 in
598 2582 713 2656 dotem
733 2583 844 2680 ipsam
862 2589 1009 2656 matram
1029 2583 1095 2680 ipsi
1114 2582 1221 2669 filiae,

164 2706 353 2772 etcertum
373 2698 465 2794 quod
483 2698 620 2774 dedisse
638 2706 771 2796 patrem
789 2700 883 2774 filiae
901 2699 937 2772 in
956 2701 1085 2788 dotem,
1106 2706 1225 2796 quate·

154 2823 232 2889 ‘nus
251 2817 487 2913 couscriptum
507 2816 609 2890 estin
624 2800 856 2892 instrumento
875 2818 982 2892 dotali
1002 2823 1147 2891 matrem
1166 2817 1226 2890 de·

167 2933 261 3006 disse
279 2933 345 3030 ipsi
363 2933 455 3008 filiae
473 2933 508 3004 in
529 2934 664 3022 dotem,
685 2942 830 3010 eatenus
848 2936 1056 3010 diminuitur
1074 2936 1134 3012 dos
1153 2958 1228 3007 ma·

167 3051 233 3122 tris
247 3073 327 3124 cum
340 3050 557 3124 restitutioni
570 3051 662 3124 dotis
676 3052 787 3149 ipsius
802 3053 923 3126 matris
937 3053 1037 3127 locus
1051 3051 1226 3140 estQuod

168 3168 199 3242 si
217 3166 386 3264 scripturn
411 3174 465 3240 est
487 3167 523 3240 in
546 3168 782 3243 instrumento
807 3169 914 3242 dotali
933 3168 1024 3242 filiae
1041 3174 1174 3265 patrem
1192 3174 1228 3241 et

167 3292 315 3358 matrem
339 3282 450 3380 ipsius
468 3284 560 3358 filiae
578 3285 677 3358 dotes
695 3285 793 3360 datas
810 3309 872 3384 pro
890 3286 962 3360 lilia
979 3284 1136 3370 dedisse,
1157 3305 1227 3357 non

169 3401 348 3496 designata
361 3406 458 3477 certa
475 3401 669 3496 quantitate
688 3403 768 3476 data
784 3425 846 3498 per
863 3408 994 3500 patrem
1009 3407 1045 3474 ct
1057 3406 1152 3474 certa
1167 3421 1229 3496 per

171 3523 330 3602 matrem,
346 3516 408 3590 scd
426 3516 571 3598 confuse
590 3517 726 3592 dicatur
742 3517 840 3592 dotes
858 3519 950 3615 ipsas
968 3517 1066 3590 datas
1084 3516 1125 3590 ab
1144 3516 1229 3612 ipsis

170 3631 391 3730 parentibus,
411 3638 495 3706 tunc
512 3632 722 3730 intelligitur
739 3633 857 3707 datum
876 3635 918 3706 de
936 3632 1075 3706 dotibus
1098 3641 1134 3706 et
1149 3631 1230 3706 aliis

171 3750 273 3826 honis
296 3751 416 3825 matris
433 3774 495 3848 pro
513 3751 585 3849 ipsa
604 3750 693 3838 filia,
712 3757 748 3824 et
772 3751 815 3826 de
832 3750 935 3824 bonis
951 3751 1058 3847 patris
1075 3774 1136 3846 pro
1154 3755 1229 3824 rata

173 3869 262 3967 ejus,
278 3867 425 3968 adquod
440 3869 538 3941 dotes
556 3868 665 3964 ipsius
678 3868 800 3942 matris
814 3874 849 3942 et
862 3868 929 3940 alia
947 3866 1121 3964 praedicta
1139 3866 1229 3946 bona

175 3985 297 4058 matris
311 3985 517 4074 ascendunt,
534 3984 802 4080 videlicetquod
822 3985 852 4058 si
871 3991 967 4082 pater
981 3983 1106 4058 habeat
1118 3984 1154 4057 in
1168 3984 1231 4059 ho·

177 4103 231 4176 nis
253 4102 297 4176 ad
319 4101 473 4177 valorem
496 4108 638 4176 centum
662 4101 845 4176 unciarum
862 4101 957 4190 auri,
977 4107 1012 4174 et
1029 4100 1091 4175 dos
1109 4100 1230 4181 atalia
