3116 5214
783 440 953 514 ...30-

337 579 513 678 praedicta
539 577 628 652 bena
658 576 779 650 matris
797 579 992 652 ascendunt
1014 580 1058 650 ad
1087 601 1261 654 summam
1279 585 1403 658 uncia·
1531 559 1532 618 t

337 723 415 772 rum
440 698 516 772 auri
535 695 802 793 quinquaginta,
824 705 859 770 et
876 697 912 770 iu
930 697 1164 772 instrumento
1181 699 1294 804 dotali,
1308 701 1404 775 filiae

338 816 648 912 sentinetur'ipsos
663 821 797 910 patrem
816 825 852 889 et
868 825 1015 890 matrem
1033 817 1171 894 dedisse
1189 840 1250 915 pro
1269 820 1343 916 ipsa
1360 821 1402 893 ii-

336 935 384 1008 lia
408 934 549 1030 triginta
575 932 699 1005 uneias
717 933 812 1020 auri,
834 933 876 1006 de
894 933 1041 1007 dntibus·
1054 943 1091 1007 et
1109 935 1188 1007 aliis
1206 935 1307 1010 bonis
1325 961 1400 1010 ma·

281 1060 287 1072 ⁸
335 1049 400 1122 tris
423 1048 619 1145 praedictae
644 1047 744 1120 datae
769 1047 931 1120 videntur
954 1049 1078 1122 unciae
1103 1051 1178 1122 auri
1198 1051 1341 1123 desem:
1363 1057 1401 1124 et

336 1171 499 1251 eatenus,
527 1187 608 1237 eum
630 1164 693 1236 dos
719 1167 840 1236 matris
867 1165 1027 1238 fueritin
1046 1189 1128 1238 nasu
1149 1168 1397 1256 restitutioniS,

336 1280 545 1354 diminuitur
562 1279 624 1351 dns
641 1279 761 1352 matris
779 1287 815 1352 et
832 1281 1005 1353 diminuta
1022 1281 1253 1377 intelligitur,
1274 1290 1398 1356 etnon
1531 1301 1532 1314 ¹

257 1440 261 1444 -
336 1403 501 1470 tenentur
527 1401 624 1492 pater
642 1395 697 1468 vel
722 1395 890 1468 haeredes
913 1398 990 1494 ejus
1009 1397 1050 1468 ad
1070 1397 1328 1470 restitutionem
1346 1400 1399 1470 di·
1531 1439 1532 1442 π

336 1521 413 1588 ntae
434 1513 656 1609 quantitatis,
682 1535 744 1608 pru
770 1536 837 1608 qua
862 1514 962 1587 dieta
979 1513 1043 1586 dns
1060 1521 1096 1585 et
1111 1516 1288 1610 praedicta
1307 1515 1396 1588 buna

335 1631 448 1704 dietae
460 1627 578 1702 matris
588 1629 759 1701 diminuta
774 1627 1033 1726 intelliguntur,
1044 1653 1114 1702 non
1128 1627 1287 1703 ubstante
1309 1632 1403 1728 quod

336 1756 457 1822 eontra
479 1746 753 1818 instrumentum
774 1745 890 1818 dotale
910 1746 1007 1820 nulla
1034 1747 1189 1845 probatio
1208 1749 1243 1822 in
1262 1756 1401 1823 eontra-

335 1866 427 1938 rium
451 1861 658 1935 admittitur.
678 1861 781 1934 Valor
806 1872 923 1936 autem
946 1864 1116 1938 bonorum
1134 1867 1261 1962 patris,
1283 1873 1318 1939 et
1342 1867 1406 1944 do.-

337 1982 449 2066 tium,
469 1977 670 2050 stadiorum
692 1979 949 2076 praedictorum
970 1981 1141 2056 bonorum
1165 1980 1288 2067 matris
1314 1991 1403 2057 tune

340 2097 544 2184 attenditur,
563 2099 699 2192 qnando
719 2096 790 2169 tilia
808 2119 931 2172 eorum
948 2100 1063 2174 nubit.
1186 2113 1192 2130 '
1291 2099 1294 2108 ’

597 2331 601 2338 ’
751 2337 909 2411 Ruunmn
932 2337 1006 2410 Xll.

634 2574 684 2648 Da
700 2577 932 2648 instrumentis
949 2577 1106 2673 confertis

550 2717 612 2790 per
627 2692 807 2792 Notarium
819 2693 990 2789 publicum
1004 2695 1175 2770 Surrenti.

388 2940 662 3012 instrumentum
677 2957 758 3009 vero
773 2933 1069 3029 divisionis,qu0d
1081 2935 1293 3008 inSurrento
1309 2957 1400 3008 mer·

240 3105 244 3112 -
337 3057 386 3130 sis
404 3056 552 3142 dieitur,
571 3079 632 3151 per
649 3051 822 3147 notarium
841 3050 1039 3146 publicum,
1060 3057 1096 3124 et
1113 3075 1172 3148 per
1187 3053 1343 3150 judicem
1363 3060 1400 3125 et

336 3179 444 3245 testes
461 3173 695 3267 subscriptum
714 3168 819 3240 robur
837 3166 993 3239 obtineat
1011 3167 1200 3246 firmitatis.

384 3292 618 3361 instrumenta
641 3283 798 3370 conserta
818 3289 855 3354 at
871 3283 1042 3380 compieta
1062 3308 1122 3380 per
1139 3288 1313 3358 notarium
1333 3311 1400 3383 pu-

335 3408 481 3494 blicum,
494 3405 650 3503 judieem
664 3411 700 3475 et
712 3408 819 3474 testes
833 3401 1007 3488 Surrenti,
1025 3403 1053 3473 si
1072 3404 1264 3500 exemplari
1283 3413 1318 3476 et
1335 3427 1398 3477 au-

336 3524 521 3598 thenticari
539 3527 718 3620 petuntur,
734 3519 922 3614 exemplari
941 3525 977 3591 et
994 3522 1226 3596 authentirari
1237 3523 1399 3595 debeant

336 3666 397 3741 per
415 3643 589 3716 notarium
609 3641 807 3738 publicum,
824 3635 979 3734 judicem
1002 3625 1046 3712 et¹
1061 3640 1228 3713 testesde
1247 3641 1397 3715 Surren-
1432 3670 1434 3674 ⁴

335 3767 390 3848 te,
411 3768 446 3833 et
462 3760 545 3834 talia
568 3761 799 3832 instrumenta
823 3756 876 3826 sie
893 3758 1087 3855 exemplata
1105 3764 1140 3831 et
1157 3759 1396 3830 authenticam

335 3877 442 3950 robur
453 3878 634 3950 obtineant
651 3875 825 3948 firmitatis
843 3877 936 3950 sieut
952 3873 1150 3970 originalia,
1169 3876 1323 3970 exeeptis
1340 3875 1395 3946 in·
1460 3945 1469 3952 ,

335 3997 539 4068 strumentis
558 3994 687 4082 mutui,
710 4015 797 4089 quae
818 3994 950 4076 nullam
969 3993 1120 4067 habeant
1136 3993 1337 4066 firmitatem
1358 3994 1392 4065 in

335 4112 575 4209 exemplandis
593 4110 740 4184 eisdem.
1372 4129 1373 4134 ’
