3116 5214
802 455 977 529 ...45-

365 623 457 688 nem,
477 608 605 674 terram
623 601 734 698 ipsam
753 596 857 672 debet
875 619 972 670 arare
988 609 1072 696 seu,
1092 595 1285 670 secundum
1303 597 1432 694 vulga·

363 743 400 792 re
418 721 590 808 Surrenti,
610 720 814 816 imporeare.

411 838 479 912 Sed
498 837 527 908 si
546 835 694 909 lundum
712 834 838 929 aliquis
854 832 962 906 alicui
975 838 1190 910 concesserit
1207 839 1250 910 ad
1272 862 1428 912 annuam

362 955 565 1054 pensionem
591 953 626 1024 in
652 951 818 1048 pecunia,
846 949 901 1023 rel
926 950 1138 1024 victualibus
1156 953 1229 1026 sive
1247 979 1285 1027 re
1304 957 1426 1052 aliqua

335 1107 338 1118 ·
361 1068 738 1157 consistentem,debet
751 1069 793 1140 de
809 1089 927 1138 mense
940 1067 1020 1164 Maji
1034 1068 1113 1164 ipsi,
1131 1072 1188 1164 qui
1206 1069 1352 1145 lundum
1371 1081 1428 1147 te·

362 1199 441 1281 net,
468 1190 680 1263 denunciare
697 1186 750 1260 vel
770 1186 972 1283 prohibere,
991 1187 1082 1282 quod
1102 1211 1171 1261 non
1188 1171 1266 1264 ¹vult
1283 1214 1344 1290 pro
1366 1216 1426 1266 se·
1515 1247 1516 1290 ,

362 1311 481 1405 quenti
506 1330 596 1380 anno
620 1305 687 1402 ipsi
705 1302 839 1376 tenenti
863 1302 1009 1376 fundum
1035 1305 1147 1402 ipsum
1166 1305 1362 1396 dimittere3
1388 1317 1426 1382 et
1515 1337 1516 1382 t

361 1427 524 1500 similiter
548 1433 670 1496 tenens
689 1420 835 1493 lundum
854 1418 956 1494 debet
975 1420 1064 1492 infra
1084 1446 1240 1495 mensem
1259 1425 1339 1520 Maji
1361 1427 1424 1498 do-

362 1543 457 1614 mino
483 1540 581 1612 fundi
607 1543 826 1635 praesentare
851 1533 924 1605 sive
943 1535 1119 1630 assignare
1137 1539 1320 1611 eumdem:
1345 1541 1423 1635 qui-

360 1660 426 1730 bus
446 1656 585 1730 casibus
603 1655 675 1750 ipse
694 1659 818 1724 tenens
842 1648 988 1722 lundum
1016 1651 1247 1725 nihilominus
1274 1655 1421 1729 fundum

360 1776 474 1871 ipsum
489 1749 645 1844 babitare
660 1775 773 1865 potest
786 1791 894 1863 usque
913 1775 948 1840 et
965 1791 1026 1867 per
1043 1776 1156 1841 totum
1175 1794 1330 1844 mensem
1352 1777 1440 1847 Au»

333 1919 336 1926 ·
359 1893 452 1990 gusti
479 1891 634 1988 ejusdem
658 1888 760 1973 anni,
788 1887 836 1958 ita
861 1894 977 1959 tamen
995 1889 1086 1981 quod
1106 1888 1178 1983 ipse
1197 1895 1321 1962 tenens
1342 1891 1422 1964 lun-

360 2011 444 2082 dum
469 2032 531 2107 per
555 2014 667 2080 totum
698 2005 831 2077 dictum
859 2025 1015 2076 mensem
1042 2005 1189 2100 Augusti
1217 2007 1419 2103 pensionem

359 2127 492 2214 solvat;
512 2149 578 2221 qua
600 2147 670 2196 non
690 2123 805 2195 soluta
831 2123 919 2195 inlra
947 2124 1060 2220 ipsum
1080 2145 1235 2194 mensem
1254 2125 1417 2219 Augusti,

360 2246 488 2318 lundus
513 2267 574 2341 pro
601 2242 675 2339 ipso
702 2264 793 2313 anno
818 2243 1015 2338 assignatus
1033 2265 1102 2313 non
1122 2241 1287 2330 habetur,
1308 2241 1337 2314 si
1358 2242 1420 2314 dc·

360 2366 476 2438 minus
502 2363 668 2448 voluerit,
697 2370 732 2432 et
757 2368 896 2434 tenetur
914 2385 974 2457 pro
993 2361 1152 2455 sequenti
1172 2383 1262 2432 anno
1281 2383 1341 2456 pro
1360 2383 1419 2435 eo·
1521 2406 1522 2436 l

359 2481 438 2553 dem
456 2479 563 2551 fundo
583 2479 720 2550 solitam
740 2484 915 2573 praestare
935 2477 1149 2572 pensionem.

407 2596 444 2670 si
463 2605 577 2670 tamen
605 2596 639 2666 in
668 2594 775 2666 lundo
802 2595 876 2690 ipso
904 2593 1035 2667 suerint
1052 2595 1159 2691 aliqui
1180 2595 1316 2668 lructus
1335 2621 1418 2694 pen·

359 2713 495 2798 dentes,
523 2735 592 2783 non
619 2711 778 2783 obstante
805 2711 896 2805 quod
920 2711 956 2782 in
978 2711 1228 2784 habitationem
1247 2711 1347 2784 lundi
1367 2714 1417 2786 di·

359 2830 467 2902 mittit
483 2831 518 2900 in
537 2851 657 2900 mense
680 2829 845 2922 Augusti,
865 2827 1013 2924 percipit
1030 2828 1261 2902 nibilominus
1281 2830 1417 2904 lructus

359 2949 465 3045 ipsos,
478 2971 574 3034 uvas,
585 2948 717 3020 ellicus
731 2955 765 3020 et
778 2947 865 3020 alios
879 2948 1025 3034 fructae,
1039 2948 1175 3020 seilicet
1191 2973 1271 3022 cum
1287 2951 1329 3022 ad
1345 2973 1416 3022 ma·

357 3066 536 3138 turitatem
550 3065 784 3162 pervenerint.
804 3065 901 3151 Quod
918 3066 946 3138 si
969 3064 1099 3136 fuerint
1116 3066 1235 3138 caules
1254 3068 1289 3139 in
1308 3067 1415 3162 fundo

358 3185 445 3283 ipso,
457 3207 566 3281 usque
581 3184 624 3255 ad
637 3183 763 3256 festum
777 3183 894 3257 Sancti
907 3183 1074 3270 ianuarii,
1086 3184 1176 3280 quod
1193 3191 1246 3257 est
1259 3186 1302 3256 de
1319 3209 1416 3258 men·

358 3323 396 3372 se
406 3298 633 3398 Septembris,
643 3298 736 3393 ipsos
747 3298 864 3370 caules
873 3303 986 3393 potest
999 3298 1162 3395 colligere
1175 3307 1211 3372 et
1223 3299 1412 3398 percipere,

358 3424 479 3490 elnon
498 3415 601 3491 ultra.

749 3533 904 3606 Rucuma
920 3528 1019 3605 XXV.

504 3767 552 3842 De
565 3769 759 3866 pignoribus
775 3773 1007 3868 impignoratio
1023 3773 1264 3869 recolligendis.

407 4005 444 4078 si
463 4005 540 4100 quis
559 4005 709 4102 aliquam
729 3971 985 4081 remmobilem
1005 4010 1110 4083 alicui
1128 4011 1262 4107 pignori
1282 4011 1411 4108 obliga·

361 4121 448 4194 verit
473 4130 649 4216 proserta
676 4124 842 4220 pecuniae
869 4127 1078 4222 quantitate,
1108 4135 1144 4200 et
1167 4128 1249 4200 dum
1276 4127 1410 4200 debitor
1522 4215 1523 4218 Ἴ
