3098 5218
575 413 751 486 ..ss5-

135 559 225 632 bono
249 583 311 634 sua
337 557 443 633 oertis
460 555 618 654 personis
635 561 671 628 et
687 577 748 653 pro
767 553 880 626 anime
899 578 978 642 sua,
1001 563 1035 628 et
1053 556 1112 630 ille
1131 560 1190 654 qui

135 677 229 774 legat
244 699 306 750 seu
320 675 456 773 judicat
473 695 589 747 eorem
607 671 794 768 praedietis
813 671 960 745 testibus
980 675 1138 763 moritur,
1154 685 1190 749 et

134 792 307 866 nooedunt
330 789 372 864 ad
401 790 573 862 notarium
598 787 772 870 Civitatis,
800 795 835 858 ot
859 789 978 884 jurent
999 791 1041 862 ad
1065 792 1189 864 Senota

122 906 195 978 uei
213 904 399 1003 Evangelio
418 905 533 1000 ipsum
552 901 725 974 sorensem
741 901 793 974 sio
806 901 983 997 judicasse
1001 911 1036 977 et
1056 905 1188 1000 legasse

133 1024 226 1097 siout
249 1023 314 1121 ipsi
338 1023 476 1110 dieunt,
508 1020 599 1117 quod
625 1019 721 1093 licite
737 1009 1028 1117 'possuntexinde
1047 1024 1121 1120 lieri
1140 1025 1157 1096 l
1174 1067 1190 1082 ·

16 1155 17 1160 ’
133 1165 214 1214 oere
240 1164 301 1238 per
324 1164 447 1214 manus
477 1137 601 1212 notorii
627 1136 756 1234 publici
774 1136 931 1212 Civitatis
956 1139 1134 1228 Surrenti,
1155 1151 1190 1215 et

117 1257 306 1329 -subsoribi
325 1279 386 1354 por
401 1255 538 1353 judiees
556 1251 727 1341 Civitatis,
745 1275 805 1348 per
819 1251 906 1326 duos
919 1254 974 1327 vel
993 1262 1064 1329 tres
1082 1263 1189 1330 testes

134 1373 291 1468 ejusdem
306 1373 474 1458 Civitatis,
493 1381 527 1446 et
546 1371 618 1444 fieri
634 1369 747 1444 lesere
761 1370 885 1444 exinde
900 1372 1185 1462 instrumentum,

133 1489 226 1584 quod
252 1489 379 1562 dieitur
396 1495 513 1586 geste,
543 1495 578 1560 et
601 1487 670 1560 tale
694 1488 963 1560 instrumentum
988 1491 1039 1562 sio
1057 1489 1186 1564 loetum

133 1606 306 1693 validum,
334 1612 448 1679 retum
473 1611 673 1702 permaneat
698 1611 800 1701 atque
820 1605 978 1694 firmum,
1005 1606 1052 1678 itu
1069 1614 1187 1680 tamen

132 1723 224 1816 quod
247 1746 315 1794 non
334 1722 566 1796 confiteantur
589 1744 627 1794 se
652 1744 729 1796 osse
746 1721 1007 1811 distributores,
1029 1732 1064 1798 et
1080 1728 1188 1799 oonsi-

133 1844 271 1910 teentur
290 1836 354 1910 sub
372 1836 488 1910 debito
503 1838 695 1932 juramenti
721 1837 886 1933 praedicti
909 1861 986 1911 osse
1011 1841 1187 1914 ordinatos

134 1953 223 2026 elios
238 1953 396 2026 homines
421 1951 458 2024 in
476 1951 717 2026 distributores
736 1951 821 2025 dieti
841 1953 980 2026 inllrmi.

527 2186 681 2260 Ruenros
708 2144 794 2260 less

184 2429 233 2502 lle
249 2428 429 2502 volentibus
445 2427 557 2523 sonoro
569 2423 743 2519 perpetem
761 2431 796 2496 in
814 2427 956 2520 confinio
974 2429 1129 2526 alicujus.

148 2692 150 2698 ¹
177 2663 274 2751 Quod
298 2663 327 2735 si
347 2664 424 2760 quis
442 2664 556 2737 homo'
569 2665 612 2736 de
629 2663 797 2737 Surrento
816 2663 919 2737 hebet
938 2672 1064 2738 terram
1085 2667 1127 2738 ud
1145 2670 1185 2742 fi-

130 2806 210 2856 nem
233 2783 382 2879 olioujus
406 2783 550 2855 alterius
568 2783 720 2857 hominis
739 2783 779 2854 de
798 2785 986 2871 Surrento,
1006 2793 1041 2858 et
1058 2785 1188 2881 aliquis
1225 2880 1229 2888 ,

130 2901 284 2996 ipsorum
307 2900 382 2975 uult
408 2900 521 2973 faeere
546 2902 698 2996 aliquam
723 2901 901 2996 pergulam
934 2901 968 2974 in
994 2926 1075 2977 oasa
1104 2915 1185 2994 sue,

130 3020 240 3116 quod,
261 3019 291 3092 si
310 3018 357 3091 sit
374 3019 410 3091 in
428 3019 580 3092 confinio
600 3041 719 3092 eorum
738 3019 866 3112 aliquis
886 3043 1005 3092 murus
1023 3023 1183 3118 proprius

129 3136 183 3209 vel
210 3135 405 3209 eommunis
431 3135 580 3232 elioujus
599 3136 770 3232 ipsorum,
793 3135 872 3218 ille,
893 3135 954 3230 qui
972 3136 1048 3209 vult
1066 3136 1181 3210 lacero

129 3254 306 3349 pergulam
326 3275 388 3326 seu
407 3251 510 3348 figere
530 3251 645 3324 luroas
664 3253 700 3324 in
719 3275 797 3324 oasa
816 3276 892 3340 sua,
913 3252 1037 3326 delient
1054 3254 1181 3328 distare

130 3376 165 3442 et
186 3368 337 3465 seperari
361 3391 380 3440 a
402 3369 494 3442 dioto
507 3391 611 3464 muro
632 3369 767 3468 proprio
786 3392 849 3442 seu
868 3393 886 3442 a
903 3369 1055 3442 confinio
1073 3377 1190 3446 terre-¹

129 3508 207 3558 rum
229 3485 401 3582 ipsarum,
426 3485 534 3558 si-est
557 3485 605 3558 ibi
628 3490 809 3582 apertura,
830 3508 890 3580 per
911 3509 1049 3581 pessum
1073 3510 1181 3563 unum

129 3609 182 3686 et,
203 3608 418 3697 sequestrato
433 3624 502 3674 uno
520 3625 624 3698 passu
640 3625 658 3672 a
672 3600 823 3682 oonllnio
838 3624 900 3672 seu
920 3623 939 3672 a
957 3602 1049 3674 dioto
1066 3629 1177 3690 muro,

129 3716 238 3814 possit
255 3716 367 3790 faeere
386 3717 563 3816 pergulam
583 3716 618 3788 in
637 3739 716 3789 oasa
735 3740 797 3787 sun
817 3717 969 3813 elligere
985 3718 1099 3792 lurous
1115 3722 1178 3792 ibi·

116 3835 207 3907 ‘dem
230 3855 292 3930 pro
316 3834 456 3908 arbitrio
482 3834 682 3908 voluntatis.
703 3835 739 3909 si
763 3858 842 3907 vero
869 3859 988 3907 murus
1011 3843 1064 3915 est
1085 3863 1179 3910 oom-

131 3954 246 4036 munis
262 3959 299 4027 et
321 3975 389 4025 non
408 3961 462 4026 est
479 3953 525 4025 ibi
545 3960 722 4049 apertura,
743 3953 999 4048 apprehendere
1017 3957 1126 4051 possit
1144 3964 1178 4029 et

131 4069 233 4166 figere
250 4070 298 4146 ibi
317 4068 432 4144 fureas
450 4075 665 4169 sequestrato
684 4069 798 4166 palmo
818 4093 899 4142 uno.
955 4103 959 4114 ·

934 4219 937 4224 n
954 4193 969 4245 5
