3098 5218
792 487 969 560 -8a..

721 743 877 818 Rvomca
895 742 1040 817 LXXXI.

690 980 738 1053 lle
755 981 835 1073 jure
858 975 1087 1050 vassallorum.

404 1224 501 1315 Quod
530 1224 560 1298 si
591 1223 718 1318 aliquis
748 1221 851 1295 homo
875 1219 918 1291 de
948 1218 1115 1292 Surrento
1138 1217 1245 1291 habet
1262 1220 1418 1315 aliquam

357 1347 541 1420 mulierem
561 1343 596 1415 in
613 1365 711 1415 suam
724 1338 924 1424 vassallum,
935 1360 1023 1432 quae
1037 1336 1152 1410 suerat
1166 1360 1254 1409 uxor
1267 1339 1418 1437 alicujus

359 1459 415 1532 sui
432 1456 572 1532 vassalli
593 1477 655 1527 seu
673 1453 818 1548 angarii,
840 1457 876 1523 et
893 1450 1084 1560 decedente
1099 1449 1193 1522 dioto
1210 1455 1335 1523 marito
1350 1475 1417 1524 suo

357 1577 432 1675 ipsa
452 1572 579 1646 mulier
594 1571 697 1646 vidua
716 1568 821 1641 habet
838 1589 1018 1641 aceessum
1037 1566 1079 1637 ad
1097 1566 1206 1638 alium
1221 1567 1414 1656 hominem,

358 1700 394 1766 et
417 1691 522 1764 habet
539 1713 580 1762 ex
598 1711 640 1761 eo
658 1687 810 1781 aliquem
827 1684 939 1756 filium
957 1685 1155 1756 naturalem
1173 1689 1294 1756 natum
1314 1707 1356 1757 ex
1374 1685 1418 1757 il-

358 1807 457 1880 lioito
475 1805 584 1890 coitu,
600 1802 691 1899 quod
711 1801 772 1873 ille
791 1799 884 1872 silius
902 1798 1072 1873 naturalis
1091 1799 1137 1870 sit
1149 1805 1185 1872 et
1199 1821 1276 1872 esse
1291 1800 1418 1894 debeat

358 1922 531 1997 vassallus
550 1919 646 1992 illius
665 1916 829 2004 hominis,
841 1918 942 2014 eujus
958 1916 1107 1990 vassalla
1126 1915 1193 1988 luit
1208 1924 1320 1989 mater
1337 1942 1414 2006 sua,

240 2139 243 2144 ι
357 2045 393 2112 et
410 2039 470 2110 ille
493 2037 586 2109 filius
610 2035 779 2109 naturalis
796 2040 957 2107 teneatur
974 2032 1089 2110 lacere
1107 2039 1143 2106 et
1160 2043 1336 2131 praestare
1354 2035 1417 2110 do·

358 2157 453 2230 mino
479 2178 543 2229 suo
569 2155 632 2228 illa
661 2153 803 2227 servitia
830 2177 893 2226 seu
924 2153 1105 2241 redditus,
1132 2154 1174 2226 ad
1192 2178 1280 2251 quae
1297 2157 1355 2229 vel
1373 2157 1416 2228 ad

357 2299 444 2373 quos
474 2274 659 2348 tenebatur
689 2271 804 2347 laoere
834 2295 897 2346 seu
928 2258 1104 2368 praestare
1129 2273 1276 2346 maritus
1302 2273 1416 2347 diotae

357 2393 479 2466 matris
504 2415 600 2464 suae.
621 2391 658 2463 Si
683 2413 765 2462 vero
782 2412 851 2462 non
868 2389 1030 2463 habuerit
1047 2390 1139 2462 filios
1158 2389 1334 2486 legitimos
1353 2413 1416 2465 seo

357 2508 550 2595 naturales,
567 2507 660 2579 diota
675 2507 803 2578 mulier
816 2506 964 2579 vassalla
978 2530 1070 2580 anno
1085 2507 1240 2604 quolibet
1254 2514 1417 2582 teneatur

358 2627 439 2699 dare
457 2624 598 2696 domino
616 2643 681 2696 suo
700 2623 735 2694 in
755 2621 887 2695 Pascha
905 2623 1184 2698 Resurrectionis
1198 2625 1336 2697 Domini
1352 2649 1416 2700 ova

356 2742 507 2840 gallinae
524 2740 647 2836 viginti
666 2745 702 2811 el
719 2739 754 2811 in
771 2738 1001 2837 carnisprivio
1017 2740 1163 2836 spallam
1178 2765 1284 2814 unam
1301 2744 1417 2837 poroi-

356 2882 436 2932 nam
456 2858 498 2929 da
516 2857 642 2929 rotulis
660 2855 772 2928 tribus
790 2862 827 2928 et
841 2856 945 2929 tertio
961 2862 1036 2929 toto
1054 2862 1230 2954 tempore,
1254 2881 1322 2952 quo
1341 2859 1417 2955 ipsa

357 2973 534 3048 duraverit
562 2972 599 3045 iu
629 2973 751 3044 eodem
780 2979 893 3060 statu;
920 2979 955 3045 et
971 2973 1000 3045 si
1020 2971 1108 3046 forle
1127 2996 1164 3046 se
1184 2974 1413 3063 maritaverit,

358 3092 504 3165 maritus
527 3113 612 3164 suus
641 3096 803 3162 teneatur
830 3089 912 3162 dare
936 3089 1096 3176 domino,
1124 3091 1224 3187 eujus
1241 3090 1417 3166 luitdiela

361 3208 523 3296 vassalla,
535 3215 675 3281 tarenos
694 3208 769 3280 anri
784 3210 871 3281 duos
885 3231 947 3306 pro
960 3208 1092 3306 nuptiis
1105 3215 1254 3298 tantum,
1272 3211 1415 3284 exclusa

360 3327 403 3400 ab
430 3325 525 3399 omni
551 3325 620 3397 alio
649 3320 776 3422 'genere
806 3325 984 3399 servitutis
1003 3349 1044 3399 ex
1064 3331 1160 3423 parte
1180 3325 1293 3415 illius,
1314 3331 1415 3427 eujus

358 3446 470 3543 primo
489 3443 603 3517 luerat
617 3443 778 3519 vassalla.

405 3558 502 3646 Quor
517 3559 547 3630 si
561 3557 687 3654 aliquis
701 3557 806 3631 homo
822 3557 993 3630 vassallus
1011 3581 1073 3632 seu
1088 3561 1250 3656 angarios
1265 3561 1414 3660 alicujus

358 3673 510 3746 hominis
530 3673 572 3746 de
592 3674 759 3747 Surrento
774 3672 988 3746 maritaverit
1005 3673 1157 3769 aliquam
1172 3674 1279 3748 filiam
1298 3700 1410 3765 suam,

358 3814 435 3863 eam
453 3789 589 3862 tradere
608 3790 717 3886 possit
734 3789 858 3885 nuptui
873 3788 979 3863 alioui
998 3790 1099 3863 alteri
1113 3791 1260 3864 vassallo
1275 3816 1339 3866 seu
1353 3817 1414 3866 an-

358 3907 454 4003 gario
482 3906 630 4003 alicujus
654 3906 798 3978 alterius
824 3905 975 3978 hominis
993 3905 1034 3978 de
1053 3907 1220 3980 Surrento
1241 3915 1313 3980 tam
1332 3932 1413 3981 oum

359 4022 539 4098 voluntate
557 4022 689 4096 domini
708 4021 776 4108 sui,
792 4027 862 4094 tam
876 4022 981 4094 etiam
997 4023 1072 4095 sine
1086 4023 1265 4096 voluntate
1280 4022 1413 4097 domini

360 4141 432 4212 sui:
462 4149 578 4213 tamen
605 4139 635 4212 si
661 4138 736 4211 sine
759 4137 935 4212 voluntate
967 4138 1098 4212 domini
1121 4139 1174 4212 sui
1201 4139 1414 4215 maritaverit
