3116 5214
581 473 755 545 ..47-

140 623 212 720 ipse
224 620 312 697 velit
331 617 457 716 pignus
471 612 641 706 redimere
655 619 691 686 et
704 611 826 686 offerre
844 614 1040 710 pecuniam,
1057 633 1117 709 pro
1132 635 1198 708 qua

139 739 225 812 dicit
255 739 380 835 pignus
410 733 621 828 obligatum,
648 738 683 803 et
705 730 855 803 creditor
877 730 964 804 dicit
987 754 1047 828 pro
1078 732 1198 828 majori

139 855 332 952 quantitate
359 841 528 949 pecuniae
545 849 670 946 pignus
688 869 764 919 esse
783 846 992 942 obligatum,
1014 853 1125 919 statur
1148 847 1200 919 di·

140 981 197 1047 oto
221 967 406 1044 creditoris
429 989 509 1039 cum
534 968 752 1036 sacramento
770 962 879 1058 ipsius
896 961 939 1035 de
958 963 1105 1059 pecunia
1125 986 1200 1036 cre·

141 1087 212 1160 dita
231 1105 341 1180 usque
361 1083 403 1154 ad
422 1081 652 1177 quantitatem
670 1078 798 1151 valoris
817 1077 971 1174 pignoris
988 1077 1147 1173 obligati.

191 1203 228 1277 Si
246 1199 398 1274 creditor
419 1197 512 1270 dicat
536 1196 660 1294 pignus
677 1193 742 1266 sibi
754 1193 952 1289 obligatum
970 1218 1008 1267 se
1028 1195 1200 1292 perdidis-

138 1342 201 1406 se,
225 1324 260 1389 et
283 1315 440 1413 quaestio
464 1321 518 1388 est
540 1315 632 1387 inter
652 1312 858 1385 creditorem
883 1320 918 1386 et
943 1314 1137 1388 debitorem
1155 1314 1198 1388 de

139 1439 282 1532 pignore
301 1441 337 1506 et
354 1433 469 1506 valore
488 1431 611 1529 ipsius,
632 1429 669 1502 in
687 1427 825 1503 deiectu
841 1431 965 1526 plenae
985 1431 1200 1527 probationis

139 1550 318 1624 faciendae
335 1571 396 1645 per
409 1547 599 1620 debitorem
615 1551 726 1618 statur
740 1552 775 1618 et
787 1546 941 1618 creditur
960 1547 1003 1618 de
1023 1548 1199 1644 praedicto
1308 1567 1311 1574 ’

139 1669 281 1764 pignore
296 1666 390 1739 dicto
407 1665 588 1739 creditoris
604 1689 684 1738 cum
702 1671 936 1768 sacramento,
953 1664 1000 1736 ita
1017 1665 1107 1761 quod
1124 1667 1199 1762 ipse

138 1785 288 1858 creditor
310 1784 421 1881 ipsam
439 1783 720 1856 aestimationem
745 1782 919 1879 pignoris,
942 1805 1044 1879 quam
1064 1783 1200 1855 debitor

137 1901 237 1999 plene
252 1901 385 1999 probat,
401 1900 457 1974 vel
474 1901 510 1972 in
529 1899 667 1973 defectu
686 1899 900 1996 probationis
915 1902 1016 1995 iuxta
1036 1900 1198 1972 aestima·

137 2021 271 2092 tionem
290 2020 416 2093 factam
434 2041 495 2117 per
513 2019 734 2105 creditorem,
756 2025 795 2092 ut
811 2019 944 2092 dietum
963 2025 1029 2107 est,
1050 2020 1115 2093 sub
1133 2044 1198 2094 suo

137 2145 381 2223 sacramanto,
410 2145 586 2232 praestare
613 2135 761 2209 debitori
779 2143 942 2222 tenetur,
970 2137 1045 2210 sive
1071 2139 1196 2210 exinde

137 2253 253 2350 ipsum
277 2250 469 2324 debitorem
494 2274 632 2324 servare
655 2250 780 2322 debeat
802 2250 1021 2339 indemnem,
1048 2253 1115 2325 nisi
1135 2255 1197 2326 tali

138 2368 241 2440 modo
259 2366 455 2463 probaverit
478 2367 629 2440 creditor
646 2367 771 2461 pignus
790 2389 827 2437 se
845 2365 1021 2456 amisisse,
1042 2370 1133 2464 quod
1153 2372 1197 2444 de

65 2497 67 2501 “
134 2487 214 2582 jure
239 2484 416 2558 communi
442 2485 607 2555 damnum
632 2483 751 2555 amissi
776 2483 930 2579 pignoris
953 2487 1118 2583 respiciat
1137 2489 1197 2562 de·

138 2602 303 2676 bitorem:
331 2625 450 2676 verum
482 2601 517 2673 in
548 2599 710 2673 omnibus
739 2601 939 2697 praemissis
964 2603 1103 2677 casibus
1126 2630 1196 2680 non

138 2719 396 2817 praejudicatur
425 2717 571 2790 debitori
600 2719 749 2815 ejusque
776 2717 986 2792 haeredibus
1012 2721 1042 2792 si
1068 2722 1195 2820 pignus

138 2837 251 2933 ipsum
266 2835 556 2932 quandocumque
570 2835 781 2932 reperiretur
796 2857 904 2931 penes
917 2837 1125 2912 creditorem
1140 2843 1196 2915 vel

139 2955 213 3049 ejus
228 2953 407 3060 haeredes,
425 2952 479 3025 vel
493 2973 598 3048 penes
614 2951 714 3038 alios,
732 2952 918 3046 quominus
937 2954 1062 3050 pignus
1080 2958 1194 3056 ipsum

138 3075 257 3165 petere
274 3069 401 3166 possit,
420 3091 490 3141 non
509 3067 666 3138 obstante
690 3067 782 3163 quod
801 3066 953 3163 aliquam
971 3095 1032 3167 pro
1050 3074 1124 3171 ipso
1142 3077 1194 3172 pi-

139 3211 266 3285 gnore,
294 3187 385 3283 quod
412 3186 591 3260 dicebatur
609 3209 685 3259 esse
704 3187 896 3282 perditum,
916 3191 1192 3267 aestimationem
1286 3241 1290 3250 ·

139 3307 315 3403 acceperit
332 3306 477 3380 debitor.

520 3547 675 3619 Rusarcs
691 3543 808 3616 XXVI.

273 3768 321 3842 ue
337 3771 584 3866 impedientibus
600 3776 874 3848 constructionem
890 3775 1048 3870 aedificii.

186 4006 222 4082 Si
248 4007 326 4103 quis
358 4005 523 4102 impediat
547 4008 842 4082 constructionem
869 4011 1020 4108 alicujus
1039 4009 1190 4085 aedificii

142 4123 384 4199 denunciando
410 4145 628 4220 quocumque
653 4125 754 4198 modo
781 4149 908 4200 novum
933 4149 1037 4225 opus,
1057 4127 1112 4203 vel
1130 4129 1188 4202 de-
