3116 5214
814 498 987 585 ..54-

614 825 616 832 .
747 751 910 830 nunnus
925 751 1057 831 XXXV„

445 991 493 1066 De
509 987 918 1066 arborum-unisonum
927 991 1036 1084 ,nora
1051 997 1178 1068 rmore
1190 987 1348 1068 ulterius.

394 1224 557 1313 'Quodn
581 1224 658 1322 quis
679 1223 910 1324 homohebet
932 1225 1069 1320 aliquas
1086 1225 1226 1303 arbores
1247 1225 1288 1298 in
1307 1225 1439 1322 eliqua

362 1351 458 1436 turm¹
471 1367 537 1422 sue
551 1365 657 1442 prope
674 1343 780 1418 tinum
793 1349 906 1418 terme
919 1342 1064 1419 alterius
1080 1344 1249 1433 hominis,
1262 1350 1298 1420 et
1314 1343 1438 1418 diotae

363 1458 503 1532 arbores
524 1464 620 1530 stant
640 1457 1065 1560 auterrempreediotem
1089 1458 1125 1535 in
1144 1464 1240 1554 perte
1264 1459 1434 1544 orientis,

362 1574 519 1648 meridiei
536 1574 774 1674 etruooideutis
791 1581 941 1662 tentum,
956 1582 992 1648 et
1005 1582 1097 1654 stant
1110 1575 1306 1673 praedictae
1326 1574 1437 1651 erbo·

302 1691 307 1704 '
360 1712 417 1766 res
435 1693 477 1766 in,
489 1691 581 1766 dieta
597 1699 690 1766 terre
708 1689 796 1771 infre
814 1713 954 1787 pessum
973 1703 1101 1779 uuum,
1121 1692 1266 1788 quodsi
1291 1693 1435 1788 praed-i-

324 1810 326 1814 ’
361 1818 437 1902 utne
459 1807 601 1904 arbores
623 1809 693 1882 sint
716 1806 859 1882 minoris
877 1809 1046 1904 temporis
1067 1808 1209 1905 triginta
1239 1831 1431 1896 armorum,

359 1925 508 1998 debeam
528 1925 662 2000 destrui
684 1931 720 1996 et
741 1923 904 2020 extirpari
923 1926 1085 2011 omnium
1106 1909 1188 1998 etsi
1211 1925 1431 2021 eontingerit

361 2042 513 2138 aliquem
530 2041 707 2116 homiuem
731 2041 906 2137 pastinare
925 2041 1063 2136 aliquus
1083 2041 1225 2114 arbores
1248 2040 1285 2114 in
1309 2041 1430 2137 eliqua

359 2170 451 2233 terre
475 2179 538 2233 sua
564 2183 670 2256 prope
692 2159 798 2235 finem
822 2165 937 2232 terrae
962 2161 1111 2256 aiicujus
1127 2159 1305 2256 gnominis,
1332 2159 1430 2255 quud

360 2279 654 2352 debeantdisture
671 2284 705 2351 et
724 2279 875 2375 separari
894 2302 912 2350 a
933 2278 1181 2354 terraulterius
1195 2277 1351 2358 hominis
1362 2301 1427 2374 per

358 2419 499 2493 pessum
525 2419 652 2481 unum;
673 2401 708 2465 et
729 2393 759 2466 si
782 2394 1028 2468 eiiterieutum
1047 2391 1345 2480 femineorum
1362 2417 1426 2467 ex·

361 2514 442 2585 inde
460 2513 623 2608 extirpari
642 2519 678 2583 et
695 2512 828 2585 destrui
847 2535 866 2584 a
883 2513 1072 2609 praedictis
1085 2513 1241 2610 pertibus
1261 2513 1427 2608 superius

360 2629 560 2701 nominetis.

724 2746 882 2820 -Rnnnni
898 2745 1044 2819 XXXVI.

712 2980 760 3054 De
771 2935 851 3076 juro
867 2971 1017 3077 conponi.

407 3215 505 3304 Quod
522 3216 552 3290 si
570 3217 647 3311 quis
665 3217 767 3288 homo
785 3221 878 3302 emet
894 3215 948 3288 vel
967 3214 1035 3286 emi
1055 3212 1160 3287 feoiet
1177 3214 1330 3310 aliquam
1349 3222 1421 3286 ter·

360 3355 434 3410 ram
457 3357 524 3428 per.
542 3331 721 3430 publicum
746 3332 1018 3419 instrumentum
1041 3330 1083 3402 ed
1102 3330 1206 3404 finem
1224 3339 1338 3404 terrae
1357 3332 1423 3404 ali·

225 3457 230 3468 “
360 3455 461 3549 eujus
484 3451 630 3526 alterius
652 3449 822 3536 hominis,
843 3455 879 3522 et
895 3455 1028 3545 emptor
1051 3455 1168 3522 teneat
1190 3456 1225 3523 et
1243 3449 1422 3545 possideat
1546 3439 1547 3475 ¹

357 3571 487 3668 ipsam,
513 3569 603 3667 quod
633 3571 663 3642 si
686 3545 746 3640 iiie
772 3567 956 3640 confinalis
979 3569 1064 3641 velit
1087 3567 1263 3643 viudioare
1292 3575 1421 3660 terram
1544 3487 1547 3642 i

357 3673 467 3785 ipsam
486 3687 528 3760 ab
546 3692 699 3782 emptore
714 3685 793 3780 jure
812 3677 906 3756 sinuli
925 3677 1005 3758 oum
1020 3686 1115 3782 justo
1134 3685 1245 3781 pretio
1263 3685 1344 3758 inde
1366 3709 1422 3758 so·

355 3806 450 3895 luto,
475 3805 566 3903 quud
592 3805 652 3878 ille
674 3809 808 3898 emptor
831 3809 991 3876 teneatur
1022 3797 1058 3878 et
1079 3802 1204 3876 debeat
1234 3803 1420 3876 restituere

357 3925 486 3999 dietam
509 3932 637 3998 terrum
660 3923 867 3996 confinalem
891 3921 983 3995 dioto
1001 3922 1184 4010 confinali,
1211 3929 1247 3997 et
1264 3921 1419 4020 resipere

358 4042 401 4115 ab
419 4065 460 4115 eo
478 4043 610 4115 dietum
629 4040 779 4137 pretium
799 4037 879 4111 inde
893 4039 1062 4128 solutum,
1079 4040 1202 4138 etipse
1216 4045 1350 4136 emptor
1368 4045 1420 4111 te-

360 4167 485 4233 neetur
502 4165 538 4231 et
554 4158 677 4232 debeat
695 4156 809 4231 iecere
826 4157 1005 4253 publicum
1024 4158 1296 4234 instrumentum
1311 4163 1347 4232 et
1360 4159 1419 4230 iir-
