3098 5218
796 469 972 544 ...82-

651 809 654 832 2
718 723 873 798 Rucarcn
888 721 1034 799 LXXtX.

494 960 645 1052 Qualiter
660 956 775 1034 debeat
790 941 953 1032 remerari
969 969 1061 1033 terre
1077 958 1263 1058 cotliqictc.

398 1191 496 1281 Quod
514 1191 544 1265 ei
562 1189 689 1285 aliquis
704 1190 807 1262 homo
824 1188 957 1261 detinet
971 1187 1125 1285 aliquam
1141 1195 1270 1262 terram
1285 1191 1320 1263 in
1337 1191 1416 1265 coi·

352 1309 436 1406 ligio
455 1331 537 1382 eum
555 1306 670 1402 aliquo
688 1304 830 1378 homine
849 1305 891 1376 de
909 1304 1092 1394 Surrento,
1113 1311 1278 1379 teneatur
1299 1315 1336 1380 et
1352 1308 1418 1380 da·
1509 1278 1517 1308 ⁸

351 1426 431 1502 beat
447 1423 618 1500 seminare
636 1428 764 1495 terram
782 1421 994 1518 praedictam
1009 1429 1045 1496 et
1058 1423 1269 1518 respondere
1286 1425 1416 1499 exinde

352 1544 513 1630 damino,
532 1544 634 1640 cujus
652 1549 706 1614 est
722 1532 813 1613 terra¹
832 1539 1028 1638 praedicta,
1050 1541 1190 1616 tertiam
1208 1551 1342 1639 partem
1360 1545 1415 1616 vi·

351 1653 541 1747 etualium,
567 1682 653 1756 quae
678 1681 738 1755 pro
761 1664 916 1755 tempore
947 1657 1077 1730 ibidem
1102 1658 1208 1746 liunt;
1231 1666 1268 1732 et
1292 1661 1321 1733 si
1341 1684 1415 1732 non

352 1777 577 1853 seminaverit
594 1776 705 1873 ipsam
723 1781 851 1847 terram
871 1782 1025 1871 tempore
1043 1775 1270 1871 congruenti,
1290 1783 1414 1849 tenea·

351 1903 411 1969 tur
427 1902 463 1969 et
479 1894 604 1967 debeat
625 1891 837 1988 respondere
854 1890 996 1963 domino
1016 1891 1130 1965 dietae
1149 1898 1263 1966 terrae
1286 1914 1415 1966 secun·

334 1991 436 2094 ‚dum
454 2011 545 2107 quod
563 2017 655 2082 terra
673 2031 762 2103 quae
780 2007 895 2080 estad
914 2007 1019 2080 finem
1038 2007 1152 2082 dictae
1170 2015 1297 2098 terrae,
1322 2034 1413 2106 quaa

353 2129 460 2203 suerit
477 2126 707 2213 seminata,et
724 2124 857 2198 nutrire
875 2125 990 2221 ipsum
1005 2127 1105 2222 juxta
1126 2127 1411 2222 possibilitatem.

352 2247 424 2320 Hoc
454 2253 569 2320 tamen
598 2243 674 2316 fieri
706 2243 833 2338 debeat
854 2242 1033 2330 interris,
1052 2244 1233 2340 inquibus
1252 2268 1321 2318 non
1340 2248 1416 2319 sint

352 2356 507 2451 tructus,
532 2363 619 2439 vites
637 2386 701 2436 seu
719 2363 808 2435 aliae
827 2361 968 2436 arbores
987 2361 1202 2452 fructiferae,
1224 2387 1314 2460 quae
1334 2367 1414 2461 qui·

353 2480 431 2554 dem
449 2487 541 2552 terra
565 2479 753 2574 vulgariter
780 2478 910 2551 dicitur
928 2501 1109 2574 campana:
1130 2478 1198 2553 hcc
1216 2489 1333 2554 tamen
1352 2481 1415 2554 ad-

354 2598 446 2685 dito,
476 2595 567 2694 quo'd
592 2597 621 2668 si
640 2596 675 2669 in
691 2597 785 2670 dicta
803 2602 896 2670 terra
915 2595 999 2670 dicti
1017 2599 1202 2672 confinalis
1222 2599 1289 2672 tuit
1308 2599 1417 2672 semi-

315 2741 316 2745 *
355 2725 473 2793 natum
500 2717 605 2803 illud,
633 2716 724 2813 quod
750 2717 787 2789 in
806 2716 900 2790 dicta
918 2723 1010 2791 terra
1028 2719 1071 2792 ad
1089 2719 1198 2793 finam
1214 2721 1330 2818 ipsiusv
1347 2719 1418 2796 tuit

355 2838 578 2911 seminatum.

733 3068 889 3144 Rueerca
905 3047 1036 3142 LXXX.

396 3305 445 3379 De
462 3306 591 3402 collirio
608 3313 719 3378 terrac
735 3314 938 3392 castanetum,
961 3313 1159 3400 querquetum
1175 3316 1207 3379 et
1223 3305 1372 3382 attactae.

403 3518 501 3605 Quod
519 3519 548 3591 si
567 3519 694 3614 aliquis
711 3519 815 3592 homo
829 3519 963 3594 detinet
980 3521 1136 3616 aliquam
1153 3520 1286 3596 terram
1302 3529 1415 3596 casta·
1533 3583 1534 3588 ,

356 3642 489 3722 netam,
516 3642 751 3740 querquetum
764 3657 825 3710 sen
843 3636 1010 3712 olivetum
1029 3638 1065 3710 in
1085 3638 1232 3736 eolligic
1249 3661 1331 3716 eum
1351 3639 1415 3714 ali·

356 3775 423 3847 quo
442 3752 581 3824 homine
600 3753 642 3824 de
660 3753 842 3841 Surrento,
860 3759 1021 3828 teneatur
1034 3762 1070 3828 et
1083 3755 1209 3830 debeat
1223 3779 1313 3830 annu
1330 3778 1415 3853 qun-

357 3871 443 3944 libet
459 3877 612 3969 tempore
629 3895 796 3968 congruo,
819 3863 888 3969 qno
905 3874 977 3947 sint
994 3873 1043 3948 ihi
1063 3872 1199 3949 fructus
1223 3875 1414 3974 praedicta·

357 4010 433 4062 rum
452 3989 624 4074 arborum,
642 3991 700 4086 qui
716 3990 851 4063 tructus
865 4013 956 4066 anno
971 3991 1127 4089 quotibet
1142 3992 1334 4066 existimari
1350 4015 1412 4068 seu

358 4103 528 4178 incantari
545 4105 695 4182 debeant
710 4111 772 4205 par
790 4131 899 4183 unum
918 4109 974 4184 vet
992 4109 1080 4184 duos
1099 4109 1263 4183 homines
1282 4109 1413 4184 electos
