3116 5214
143 591 324 686 elongare,
353 594 390 661 et
414 594 560 661 eatenus
586 586 712 660 distare
739 588 843 662 debet
867 589 1089 678 aedificium,
1109 591 1199 685 quod

144 708 332 794 construit,
353 730 372 778 a
390 705 482 778 dieto
505 704 652 802 pariete,
674 705 721 776 ita
739 713 857 780 tamen
882 716 1054 803 quatenus
1081 706 1201 782 aediti·

145 826 239 898 cium
254 847 393 908 nevum,
411 823 500 917 quod
514 822 565 909 fit,
583 822 682 896 fieret
698 845 739 896 ex
756 824 920 920 opposito·
931 825 975 898 ad
992 824 1102 899 dietas
1119 825 1200 898 dos-

145 943 243 1016 sitias
260 943 315 1036 uel
333 942 436 1014 etiarn
455 947 649 1038 aperturas.
746 923 749 928 ⁵

193 1062 262 1136 Sed
286 1063 317 1134 si
339 1084 381 1132 ex
405 1061 514 1132 latere
532 1059 573 1131 ad
592 1059 724 1134 dietum
743 1063 909 1158 parietem
927 1062 964 1134 in
981 1070 1076 1159 parte
1095 1086 1200 1160 supe·

140 1179 246 1266 riom,
263 1177 322 1250 ubi
337 1184 418 1248 suut
430 1175 574 1248 dussitia
591 1177 647 1250 uel
666 1177 781 1273 aliqua
800 1186 974 1274 apertura,
995 1178 1197 1252 aedificium

139 1296 277 1371 vieiuus
290 1293 420 1367 babens
435 1294 587 1380 hortum,
598 1294 726 1367 curtim
740 1295 794 1369 vel
813 1296 955 1370 domum
977 1299 1198 1394 conjunctam

28 1495 33 1504 ,
139 1413 182 1486 ad
201 1411 332 1484 dietum
357 1411 525 1506 parietem
551 1410 734 1484 aedificare
755 1412 856 1498 vetit,
879 1419 992 1509 potest
1014 1413 1198 1486 aedificare

139 1532 229 1604 etin
255 1531 362 1603 altum
389 1528 554 1618 extollere
582 1529 696 1626 ipsum
723 1530 920 1604 aedificium
940 1555 999 1628 pro
1021 1531 1120 1605 libito
1139 1555 1199 1604 vu·

139 1650 299 1736 luntatis,
326 1658 361 1722 et
383 1632 593 1746 eorijungere
614 1650 728 1746 ipsum
748 1649 964 1738 aedifieium,
988 1650 1080 1744 quod
1099 1649 1195 1738 fauit,

137 1768 202 1866 ipsi
227 1768 370 1866 parieti,
391 1767 473 1840 dum
493 1775 609 1839 tamen
629 1767 670 1840 ab
689 1768 763 1864 ipsa
780 1777 941 1865 apertura
965 1791 1026 1839 seu
1048 1766 1197 1840 abutere

137 1887 247 1984 ipsius
267 1895 447 1984 aperturae
467 1885 648 1982 prolonget
664 1886 881 1972 aedificium,
905 1869 996 1982 quud
1015 1885 1115 1970 facit,
1137 1907 1197 1981 per

136 2004 271 2100 palmos
286 2010 377 2075 oete.
388 2001 505 2074 Potest
518 2008 634 2074 tamen
649 2001 785 2075 vieinus
799 2001 929 2074 habens
943 2003 1098 2088 demum,
1117 2002 1198 2074 hor·

83 2177 88 2184 .
136 2129 213 2194 tum
240 2121 294 2194 uel
317 2119 444 2190 curtim
470 2118 621 2190 uicinam
640 2119 732 2191 dieto
751 2120 874 2216 parieti
894 2120 929 2190 in
949 2121 1062 2215 ipsum
1084 2122 1197 2215 parie-

140 2247 211 2310 tem
225 2237 413 2309 immittere
428 2236 536 2332 tigna,
555 2237 671 2308 atalia
685 2261 791 2310 onera
810 2236 973 2322 aedificii,
993 2238 1082 2333 quod
1098 2239 1193 2324 facit,

136 2355 298 2430 similiter
316 2355 503 2426 immittere
521 2354 557 2426 in
575 2354 688 2451 ipsum
704 2355 871 2450 parietem
884 2355 1003 2442 vieini,
1024 2355 1082 2428 ubi
1101 2354 1198 2427 sene·

137 2480 207 2545 stra
234 2495 294 2568 pro
320 2478 461 2567 aspectu
488 2471 646 2544 habendo
673 2495 742 2544 non
763 2481 827 2544 est.
848 2473 974 2543 Verum
1000 2471 1029 2543 si
1048 2472 1198 2545 relitte-

139 2598 233 2663 etum
260 2589 392 2685 faeere,
421 2588 511 2684 quod
538 2589 717 2662 recumbat
734 2590 776 2695 ad
795 2590 907 2686 ipsum
927 2590 1111 2685 parietem,
1137 2591 1197 2662 de-

137 2707 255 2780 subter
272 2705 313 2778 ab
332 2705 405 2801 ipsa
429 2705 571 2778 dossitia
596 2707 667 2780 sive
689 2707 757 2778 alia
775 2713 954 2802 apertura,
976 2730 1064 2801 quae
1089 2708 1196 2778 estin
1337 2811 1339 2818 J

136 2824 210 2918 ipso
227 2822 358 2918 pariete
386 2845 447 2916 pro
472 2822 604 2893 lumine
623 2829 759 2894 tantum
778 2822 1018 2916 ingrediendo,
1040 2845 1099 2918 per
1122 2822 1195 2918 pal-

137 2961 210 3010 mos
223 2961 354 3010 canuae
373 2943 452 3010 uoto
472 2936 642 3010 aedificet.
658 2938 694 3012 Si
709 2943 825 3009 autern
845 2938 928 3010 uelit
954 2945 1127 3010 astraeum
1146 2938 1197 3011 fa-

136 3078 225 3139 uere,
247 3054 349 3126 debet
366 3054 529 3126 desubter
543 3054 584 3125 ab
600 3054 673 3150 ipsa
692 3053 836 3126 dossitia
855 3055 907 3126 vel
928 3055 995 3124 atia
1020 3061 1193 3150 apertura,

136 3194 222 3266 quae
242 3193 310 3242 nou
328 3178 381 3242 est
398 3193 458 3266 pro
483 3174 623 3266 aspectu
648 3169 808 3241 habendo
827 3169 887 3241 sed
906 3192 966 3265 pru
992 3168 1124 3240 lumine
1143 3171 1196 3240 in-

136 3288 322 3384 grediendo
340 3293 490 3372 tantum,
510 3310 571 3382 per
587 3288 736 3383 spatium
755 3309 887 3358 eaunae
906 3286 1011 3359 unius
1036 3284 1195 3358 aedifrea-

136 3432 189 3496 re,
215 3409 329 3481 seluto
354 3414 471 3481 tamen
496 3403 606 3503 pretio
634 3408 830 3480 medietatis
854 3408 964 3504 ipsius
995 3407 1137 3504 parietis
1160 3414 1196 3480 et

137 3525 217 3611 soli,
235 3527 270 3596 in
286 3548 353 3621 quo
373 3525 487 3599 dietus
505 3525 619 3621 paries'
637 3533 691 3597 est
705 3524 882 3613 fundatus„
904 3524 947 3597 ‘ab
966 3526 1039 3621 ipso
1057 3525 1195 3598 volente

136 3642 317 3715 aedificare
340 3641 425 3739 ipsi,
451 3642 551 3738 eujus
571 3648 624 3714 est
642 3643 755 3738 paries
774 3650 809 3714 et
826 3642 938 3714 solum
963 3641 1191 3736 praedictum,

135 3758 203 3832 uisi
230 3757 317 3829 sorta
334 3758 375 3830 ab
394 3759 469 3854 ipso
494 3759 633 3831 volente
660 3758 844 3831 aedificare
873 3757 1037 3856 probetur
1063 3759 1193 3832 dietum

135 3861 310 3976 parietem
322 3882 356 3949 et
373 3877 488 3950 solum
509 3899 585 3948 esse
605 3878 820 3950 eommunia.

182 3994 250 4069 Sed
277 3992 307 4065 si
333 3993 513 4066 recumbat
538 3993 651 4090 ipsum
677 3993 873 4066 aediticium
897 3993 939 4065 ad
958 3993 1124 4089 parietem
1141 3997 1192 4067 vi·

135 4111 204 4184 ciui
231 4110 306 4185 sine
333 4132 438 4183 onere
464 4109 573 4206 ipsius
599 4109 754 4206 parietis,
774 4109 912 4184 seilicet
929 4109 1020 4205 quod
1039 4133 1108 4183 uon
1127 4110 1194 4184 im·
