3098 5218
365 629 516 708 cundum
543 614 773 720 provisionem
806 606 965 708 indicum
996 606 1108 673 ternae
1142 616 1204 668 seu
1236 589 1441 690 pnohonum

365 753 532 828 vinosum.

749 846 921 938 'nonnos
946 837 1017 914 LII.

574 1043 577 1052 Ι
688 1087 738 1163 De
753 1052 880 1160 dotiios
895 1071 1089 1150 vendendis.

413 1333 511 1424 Quod
533 1328 563 1400 si
588 1321 703 1418 aliqua
726 1313 854 1389 mulien
872 1307 1000 1382 inedita
1017 1298 1234 1396 estnuptui‚
1255 1303 1291 1369 et
1312 1303 1441 1368 mora-

366 1464 423 1530 tus
440 1473 501 1550 pen
519 1443 669 1538 slioujus
687 1429 854 1529 temporis
873 1424 1025 1524 spatium
1042 1441 1122 1492 oum
1142 1415 1267 1508 marito
1284 1437 1370 1500 suo,
1397 1419 1441 1484 et

366 1568 490 1667 recipit
514 1561 632 1657 aliqua
657 1553 746 1626 bona
770 1543 909 1620 stabilia
936 1537 997 1622 vel,
1016 1532 1160 1608 mobilia
1186 1529 1440 1627 aparentibus

238 1757 243 1768 .
365 1687 440 1764 suis
456 1673 674 1782 pno'dotibus
693 1675 729 1750 et
745 1661 902 1761 portione
921 1678 996 1742 sna,
1015 1651 1071 1726 vel
1090 1649 1131 1722 ab
1150 1647 1242 1734 aliis,
1254 1646 1312 1742 qui
1331 1647 1439 1718 lioite

362 1808 513 1906 'possunt
540 1797 634 1870 dare
653 1796 690 1862 et
717 1781 854 1856 tradere
876 1777 911 1848 ei
935 1796 996 1872 pen
1012 1771 1291 1848 instrumentum
1313 1763 1439 1862 puhli-

366 1929 461 2008 enm,
487 1913 579 2013 qnod
603 1911 677 2004 ipsa
703 1899 829 2000 mulien
851 1897 959 1989 nupta
982 1887 1092 1960 libere
1120 1907 1203 1960 oum
1220 1881 1442 1956 anctoritate
1489 1881 1496 1902 '

367 2036 453 2113 dieti
472 2027 587 2105 mariti
604 2021 659 2096 sui
676 2024 812 2092 tantum
825 2009 936 2109 possit
954 1999 1338 2089 vendens,alienaneet
1351 2020 1438 2094 pen·

322 2199 324 2204 ·
367 2160 502 2232 mutare
520 2147 612 2220 diota
628 2139 730 2222 bona,
754 2151 842 2228 quae
855 2131 1035 2222 receperat
1051 2141 1112 2217 pro
1132 2117 1273 2190 dotibus
1294 2121 1330 2188 et
1348 2138 1437 2213 pon-

367 2275 464 2348 tione
481 2261 559 2351 sua,
572 2266 607 2334 et
624 2256 705 2331 talis
719 2249 827 2334 datio,
839 2240 981 2317 traditio
994 2243 1029 2310 et
1043 2233 1208 2308 alienatio
1229 2217 1325 2305 omni
1339 2240 1437 2305 tem-

367 2411 451 2490 pone
475 2389 547 2457 rata
569 2377 773 2474 permaneat
793 2371 895 2460 atque
919 2360 1038 2444 firma,
1064 2359 1100 2426 et
1117 2358 1279 2450 parentes
1297 2351 1353 2425 sui
1371 2353 1436 2424 vel

368 2509 444 2606 ipsa
465 2522 528 2572 seu
550 2495 628 2580 alii,
653 2490 713 2586 qui
737 2508 814 2558 eam
832 2480 1057 2560 dotaverunt,
1078 2495 1149 2544 non
1168 2469 1308 2568 possint
1325 2471 1436 2542 modo

369 2621 487 2716 aliquo
509 2617 630 2688 eontra
656 2604 771 2677 faeere
794 2595 850 2672 vel
867 2592 1004 2677 venire,
1025 2588 1111 2661 lieet
1128 2587 1190 2670 dos
1208 2585 1271 2659 illa
1291 2585 1338 2658 sit
1356 2585 1436 2658 exi-

369 2738 509 2815 stimate
530 2728 586 2806 vei
609 2718 862 2798 inexistimata:
888 2711 955 2784 hoe
977 2715 1096 2784 tamen
1121 2703 1260 2790 addito,
1281 2703 1374 2798 quod
1393 2703 1435 2776 in

370 2857 465 2931 dioto
487 2843 719 2922 instrumento
741 2825 964 2906 alienationis
982 2827 1174 2920 opponatur
1188 2820 1445 2916 juramentum.

371 2973 415 3048 ad
428 2971 553 3044 Sancta
565 2959 627 3035 Dei
641 2949 825 3050 Evangelia
838 2948 954 3044 ‘ipsam
969 2939 1145 3022 dominam
1163 2935 1287 3012 exinde
1297 2943 1434 3008 ,eontra

372 3113 442 3166 non
464 3086 579 3160 iasone
600 3076 662 3152 nel
691 3070 828 3155 sanine,
860 3087 931 3137 non
954 3060 1114 3134 obstante
1129 3057 1209 3154 jure
1229 3053 1326 3130 eivili
1344 3055 1435 3130 huie

372 3196 585 3284 ordinationi
602 3213 666 3269 seu
684 3192 815 3264 statuto
833 3176 1022 3254 oontnanio.

768 3373 926 3494 anonas
951 3413 1035 3489 nnn.

613 3663 697 3742 Gom
713 3671 789 3758 poet
805 3656 940 3733 testibus
955 3650 1090 3726 ooieoat
1103 3606 1208 3755 posta.

397 3957 400 3964 ·
421 3907 519 4000 Quod
542 3907 572 3979 si
601 3899 728 3996 aliquis
752 3895 854 3968 homo
877 3885 1028 3962 ienensis
1053 3882 1108 3958 vel
1135 3879 1308 3954 habitator
1325 3881 1431 3948 'entra

376 4051 495 4105 munos
507 4021 664 4100 Civitatis
677 4013 835 4092 Surrenti
854 4009 939 4083 iaoit
953 4004 997 4078 ad
1013 4023 1051 4076 se
1071 4020 1193 4074 venare
1210 3995 1348 4090 aliquos
1368 3992 1441 4064 ho·-

378 4145 502 4233 mines,
519 4148 554 4216 et
570 4130 813 4235 inpraesentia
829 4127 972 4202 iliorum
985 4121 1078 4214 legat
1093 4139 1155 4190 seu
1166 4112 1301 4213 judicat
1312 4109 1432 4202 aliqua
