<?xml version="1.0" encoding="UTF-8"?>
<!DOCTYPE html PUBLIC "-//W3C//DTD XHTML 1.0 Transitional//EN"
    "http://www.w3.org/TR/xhtml1/DTD/xhtml1-transitional.dtd">
<html xmlns="http://www.w3.org/1999/xhtml" xml:lang="en" lang="en">
 <head>
  <title>
</title>
<meta http-equiv="Content-Type" content="text/html;charset=utf-8" />
  <meta name='ocr-system' content='tesseract 3.04.00' />
  <meta name='ocr-capabilities' content='ocr_page ocr_carea ocr_par ocr_line ocrx_word'/>
</head>
<body>
  <div class='ocr_page' id='page_1' title='image "./leconsuetudinid00volpgoog_0053.png"; bbox 0 0 3116 5214; ppageno 0'>
   <div class='ocr_carea' id='block_1_1' title="bbox 798 467 974 540">
    <p class='ocr_par' dir='ltr' id='par_1_1' title="bbox 798 467 974 540">
     <span class='ocr_line' id='line_1_1' title="bbox 798 467 974 540; baseline 0.011 -18"><span class='ocrx_word' id='word_1_1' title='bbox 798 467 974 540; x_wconf 75' lang='grc'>..48-</span> 
     </span>
    </p>
   </div>
   <div class='ocr_carea' id='block_1_2' title="bbox 269 583 1523 1986">
    <p class='ocr_par' dir='ltr' id='par_1_2' title="bbox 269 583 1523 1867">
     <span class='ocr_line' id='line_1_2' title="bbox 362 583 1523 705; baseline -0.006 -21"><span class='ocrx_word' id='word_1_2' title='bbox 362 613 493 684; x_wconf 85' lang='lat' dir='ltr'>tensam</span> <span class='ocrx_word' id='word_1_3' title='bbox 521 601 747 705; x_wconf 89' lang='lat' dir='ltr'>imponendo,</span> <span class='ocrx_word' id='word_1_4' title='bbox 775 600 828 676; x_wconf 90' lang='lat' dir='ltr'>vel</span> <span class='ocrx_word' id='word_1_5' title='bbox 855 601 1086 700; x_wconf 84' lang='lat' dir='ltr'>prohibendo,</span> <span class='ocrx_word' id='word_1_6' title='bbox 1105 604 1159 679; x_wconf 87' lang='lat' dir='ltr'>vel</span> <span class='ocrx_word' id='word_1_7' title='bbox 1178 604 1279 679; x_wconf 87' lang='lat' dir='ltr'>aliter</span> <span class='ocrx_word' id='word_1_8' title='bbox 1304 605 1421 704; x_wconf 85' lang='lat' dir='ltr'>impe·</span> <span class='ocrx_word' id='word_1_9' title='bbox 1522 583 1523 612; x_wconf 53' lang='lat'>¹</span> 
     </span>
     <span class='ocr_line' id='line_1_3' title="bbox 269 719 1420 816; baseline -0.004 -14"><span class='ocrx_word' id='word_1_10' title='bbox 269 771 273 780; x_wconf 89' lang='lat'><strong>·</strong></span> <span class='ocrx_word' id='word_1_11' title='bbox 354 728 506 813; x_wconf 90' lang='lat' dir='ltr'>diendo,</span> <span class='ocrx_word' id='word_1_12' title='bbox 535 733 569 798; x_wconf 85' lang='lat' dir='ltr'>et</span> <span class='ocrx_word' id='word_1_13' title='bbox 597 721 811 796; x_wconf 83' lang='lat' dir='ltr'>denuncians</span> <span class='ocrx_word' id='word_1_14' title='bbox 836 719 909 793; x_wconf 85' lang='lat' dir='ltr'>sivo</span> <span class='ocrx_word' id='word_1_15' title='bbox 927 720 1117 816; x_wconf 87' lang='lat' dir='ltr'>impediens</span> <span class='ocrx_word' id='word_1_16' title='bbox 1134 729 1277 796; x_wconf 81' lang='lat' dir='ltr'>vocatur</span> <span class='ocrx_word' id='word_1_17' title='bbox 1297 725 1420 797; x_wconf 90' lang='lat' dir='ltr'>saltim</span> 
     </span>
     <span class='ocr_line' id='line_1_4' title="bbox 361 834 1419 934; baseline -0.002 -20"><span class='ocrx_word' id='word_1_18' title='bbox 361 844 404 914; x_wconf 89' lang='lat' dir='ltr'>de</span> <span class='ocrx_word' id='word_1_19' title='bbox 430 841 532 914; x_wconf 90' lang='lat' dir='ltr'>tertio</span> <span class='ocrx_word' id='word_1_20' title='bbox 560 838 599 910; x_wconf 92' lang='lat' dir='ltr'>ad</span> <span class='ocrx_word' id='word_1_21' title='bbox 626 836 767 908; x_wconf 87' lang='lat' dir='ltr'>tertium</span> <span class='ocrx_word' id='word_1_22' title='bbox 792 834 883 906; x_wconf 86' lang='lat' dir='ltr'>diem</span> <span class='ocrx_word' id='word_1_23' title='bbox 903 835 944 906; x_wconf 90' lang='lat' dir='ltr'>ad</span> <span class='ocrx_word' id='word_1_24' title='bbox 959 835 1130 930; x_wconf 81' lang='lat' dir='ltr'>judicium</span> <span class='ocrx_word' id='word_1_25' title='bbox 1149 837 1190 907; x_wconf 87' lang='lat' dir='ltr'>ad</span> <span class='ocrx_word' id='word_1_26' title='bbox 1209 839 1419 934; x_wconf 80' lang='lat' dir='ltr'>petitionem</span> 
     </span>
     <span class='ocr_line' id='line_1_5' title="bbox 360 952 1523 1054; baseline -0.002 -24"><span class='ocrx_word' id='word_1_27' title='bbox 360 960 453 1054; x_wconf 86' lang='lat' dir='ltr'>ejus,</span> <span class='ocrx_word' id='word_1_28' title='bbox 474 956 531 1029; x_wconf 86' lang='lat' dir='ltr'>eui</span> <span class='ocrx_word' id='word_1_29' title='bbox 551 952 835 1049; x_wconf 86' lang='lat' dir='ltr'>impedimentum</span> <span class='ocrx_word' id='word_1_30' title='bbox 859 957 1053 1047; x_wconf 87' lang='lat' dir='ltr'>praestatur</span> <span class='ocrx_word' id='word_1_31' title='bbox 1071 974 1175 1024; x_wconf 82' lang='lat' dir='ltr'>eausa</span> <span class='ocrx_word' id='word_1_32' title='bbox 1194 953 1229 1024; x_wconf 94' lang='lat' dir='ltr'>in</span> <span class='ocrx_word' id='word_1_33' title='bbox 1249 955 1419 1028; x_wconf 78' lang='lat' dir='ltr'>citatione</span> <span class='ocrx_word' id='word_1_34' title='bbox 1522 1017 1523 1020; x_wconf 60' lang='grc'>,</span> 
     </span>
     <span class='ocr_line' id='line_1_6' title="bbox 359 1067 1418 1165; baseline -0.003 -17"><span class='ocrx_word' id='word_1_35' title='bbox 359 1079 540 1157; x_wconf 78' lang='lat' dir='ltr'>contenta,</span> <span class='ocrx_word' id='word_1_36' title='bbox 570 1069 638 1141; x_wconf 89' lang='lat' dir='ltr'>nisi</span> <span class='ocrx_word' id='word_1_37' title='bbox 660 1069 776 1142; x_wconf 85' lang='lat' dir='ltr'>ueniat</span> <span class='ocrx_word' id='word_1_38' title='bbox 793 1075 931 1164; x_wconf 88' lang='lat' dir='ltr'>paratus</span> <span class='ocrx_word' id='word_1_39' title='bbox 949 1091 1030 1139; x_wconf 87' lang='lat' dir='ltr'>oum</span> <span class='ocrx_word' id='word_1_40' title='bbox 1049 1067 1187 1157; x_wconf 82' lang='lat' dir='ltr'>libelle,</span> <span class='ocrx_word' id='word_1_41' title='bbox 1209 1094 1310 1165; x_wconf 90' lang='lat' dir='ltr'>quem</span> <span class='ocrx_word' id='word_1_42' title='bbox 1329 1073 1418 1145; x_wconf 87' lang='lat' dir='ltr'>offe·</span> 
     </span>
     <span class='ocr_line' id='line_1_7' title="bbox 359 1185 1420 1282; baseline -0.002 -18"><span class='ocrx_word' id='word_1_43' title='bbox 359 1199 415 1264; x_wconf 85' lang='lat' dir='ltr'>rat</span> <span class='ocrx_word' id='word_1_44' title='bbox 430 1187 629 1263; x_wconf 85' lang='lat' dir='ltr'>aeditieanti</span> <span class='ocrx_word' id='word_1_45' title='bbox 642 1210 704 1260; x_wconf 88' lang='lat' dir='ltr'>seu</span> <span class='ocrx_word' id='word_1_46' title='bbox 719 1186 901 1258; x_wconf 82' lang='lat' dir='ltr'>aeditioare</span> <span class='ocrx_word' id='word_1_47' title='bbox 919 1185 1062 1274; x_wconf 88' lang='lat' dir='ltr'>volenti,</span> <span class='ocrx_word' id='word_1_48' title='bbox 1085 1188 1119 1257; x_wconf 92' lang='lat' dir='ltr'>in</span> <span class='ocrx_word' id='word_1_49' title='bbox 1138 1210 1206 1282; x_wconf 92' lang='lat' dir='ltr'>quo</span> <span class='ocrx_word' id='word_1_50' title='bbox 1224 1188 1344 1262; x_wconf 91' lang='lat' dir='ltr'>libello</span> <span class='ocrx_word' id='word_1_51' title='bbox 1362 1191 1420 1262; x_wconf 92' lang='lat' dir='ltr'>in·</span> 
     </span>
     <span class='ocr_line' id='line_1_8' title="bbox 361 1303 1523 1406; baseline -0.002 -24"><span class='ocrx_word' id='word_1_52' title='bbox 361 1316 497 1382; x_wconf 86' lang='lat' dir='ltr'>seratur</span> <span class='ocrx_word' id='word_1_53' title='bbox 528 1311 621 1406; x_wconf 87' lang='lat' dir='ltr'>justa</span> <span class='ocrx_word' id='word_1_54' title='bbox 652 1328 756 1379; x_wconf 85' lang='lat' dir='ltr'>eausa</span> <span class='ocrx_word' id='word_1_55' title='bbox 785 1303 1029 1401; x_wconf 80' lang='lat' dir='ltr'>prohibitionis</span> <span class='ocrx_word' id='word_1_56' title='bbox 1060 1328 1123 1377; x_wconf 93' lang='lat' dir='ltr'>seu</span> <span class='ocrx_word' id='word_1_57' title='bbox 1154 1306 1415 1403; x_wconf 87' lang='lat' dir='ltr'>impedimenti,</span> <span class='ocrx_word' id='word_1_58' title='bbox 1444 1371 1447 1380; x_wconf 92' lang='lat'><em>.</em></span> <span class='ocrx_word' id='word_1_59' title='bbox 1522 1329 1523 1332; x_wconf 72' lang='grc'>’</span> 
     </span>
     <span class='ocr_line' id='line_1_9' title="bbox 362 1421 1419 1522; baseline -0.002 -23"><span class='ocrx_word' id='word_1_60' title='bbox 362 1450 465 1522; x_wconf 88' lang='lat' dir='ltr'>quam</span> <span class='ocrx_word' id='word_1_61' title='bbox 480 1424 600 1521; x_wconf 87' lang='lat' dir='ltr'>probet</span> <span class='ocrx_word' id='word_1_62' title='bbox 618 1422 708 1496; x_wconf 86' lang='lat' dir='ltr'>intra</span> <span class='ocrx_word' id='word_1_63' title='bbox 725 1421 927 1507; x_wconf 91' lang='lat' dir='ltr'>terminum,</span> <span class='ocrx_word' id='word_1_64' title='bbox 944 1443 1045 1515; x_wconf 90' lang='lat' dir='ltr'>quem</span> <span class='ocrx_word' id='word_1_65' title='bbox 1060 1421 1197 1518; x_wconf 87' lang='lat' dir='ltr'>judiees</span> <span class='ocrx_word' id='word_1_66' title='bbox 1215 1432 1419 1522; x_wconf 78' lang='lat' dir='ltr'>competen-</span> 
     </span>
     <span class='ocr_line' id='line_1_10' title="bbox 362 1538 1420 1637; baseline -0.001 -22"><span class='ocrx_word' id='word_1_67' title='bbox 362 1549 432 1615; x_wconf 86' lang='lat' dir='ltr'>tem</span> <span class='ocrx_word' id='word_1_68' title='bbox 452 1538 746 1625; x_wconf 85' lang='lat' dir='ltr'>existimaverint,</span> <span class='ocrx_word' id='word_1_69' title='bbox 768 1561 837 1610; x_wconf 91' lang='lat' dir='ltr'>non</span> <span class='ocrx_word' id='word_1_70' title='bbox 855 1543 986 1609; x_wconf 87' lang='lat' dir='ltr'>attento</span> <span class='ocrx_word' id='word_1_71' title='bbox 1002 1544 1156 1633; x_wconf 90' lang='lat' dir='ltr'>tempore</span> <span class='ocrx_word' id='word_1_72' title='bbox 1176 1539 1287 1637; x_wconf 82' lang='lat' dir='ltr'>alege</span> <span class='ocrx_word' id='word_1_73' title='bbox 1306 1548 1420 1614; x_wconf 90' lang='lat' dir='ltr'>statu-</span> 
     </span>
     <span class='ocr_line' id='line_1_11' title="bbox 360 1653 1420 1757; baseline -0.002 -25"><span class='ocrx_word' id='word_1_74' title='bbox 360 1665 416 1746; x_wconf 92' lang='lat' dir='ltr'>to,</span> <span class='ocrx_word' id='word_1_75' title='bbox 435 1681 496 1756; x_wconf 87' lang='lat' dir='ltr'>per</span> <span class='ocrx_word' id='word_1_76' title='bbox 510 1657 647 1753; x_wconf 86' lang='lat' dir='ltr'>judiees</span> <span class='ocrx_word' id='word_1_77' title='bbox 666 1654 806 1757; x_wconf 87' lang='lat' dir='ltr'>lieentia</span> <span class='ocrx_word' id='word_1_78' title='bbox 826 1653 936 1726; x_wconf 89' lang='lat' dir='ltr'>danda</span> <span class='ocrx_word' id='word_1_79' title='bbox 955 1661 1008 1726; x_wconf 89' lang='lat' dir='ltr'>est</span> <span class='ocrx_word' id='word_1_80' title='bbox 1026 1654 1222 1727; x_wconf 84' lang='lat' dir='ltr'>aedificanti</span> <span class='ocrx_word' id='word_1_81' title='bbox 1240 1680 1303 1730; x_wconf 89' lang='lat' dir='ltr'>seu</span> <span class='ocrx_word' id='word_1_82' title='bbox 1320 1658 1420 1730; x_wconf 87' lang='lat' dir='ltr'>aedi-</span> 
     </span>
     <span class='ocr_line' id='line_1_12' title="bbox 360 1770 923 1867; baseline -0.011 -19"><span class='ocrx_word' id='word_1_83' title='bbox 360 1775 465 1850; x_wconf 83' lang='lat' dir='ltr'>ficare</span> <span class='ocrx_word' id='word_1_84' title='bbox 482 1773 625 1858; x_wconf 90' lang='lat' dir='ltr'>volenti,</span> <span class='ocrx_word' id='word_1_85' title='bbox 645 1771 736 1867; x_wconf 93' lang='lat' dir='ltr'>quod</span> <span class='ocrx_word' id='word_1_86' title='bbox 755 1770 923 1844; x_wconf 82' lang='lat' dir='ltr'>aedificet.</span> 
     </span>
    </p>

    <p class='ocr_par' dir='ltr' id='par_1_3' title="bbox 408 1887 1415 1986">
     <span class='ocr_line' id='line_1_13' title="bbox 408 1887 1415 1986; baseline 0 -23"><span class='ocrx_word' id='word_1_87' title='bbox 408 1893 503 1963; x_wconf 89' lang='lat' dir='ltr'>ldem</span> <span class='ocrx_word' id='word_1_88' title='bbox 529 1897 582 1962; x_wconf 89' lang='lat' dir='ltr'>est</span> <span class='ocrx_word' id='word_1_89' title='bbox 607 1889 635 1960; x_wconf 92' lang='lat' dir='ltr'>si</span> <span class='ocrx_word' id='word_1_90' title='bbox 663 1887 741 1984; x_wconf 93' lang='lat' dir='ltr'>quis</span> <span class='ocrx_word' id='word_1_91' title='bbox 766 1888 963 1984; x_wconf 84' lang='lat' dir='ltr'>prohibeat,</span> <span class='ocrx_word' id='word_1_92' title='bbox 983 1888 1039 1962; x_wconf 86' lang='lat' dir='ltr'>vel</span> <span class='ocrx_word' id='word_1_93' title='bbox 1057 1889 1223 1986; x_wconf 87' lang='lat' dir='ltr'>impediat</span> <span class='ocrx_word' id='word_1_94' title='bbox 1246 1891 1415 1986; x_wconf 82' lang='lat' dir='ltr'>aliquem,</span> 
     </span>
    </p>
   </div>
   <div class='ocr_carea' id='block_1_3' title="bbox 359 2004 1419 2217">
    <p class='ocr_par' dir='ltr' id='par_1_4' title="bbox 359 2004 1419 2217">
     <span class='ocr_line' id='line_1_14' title="bbox 359 2004 1419 2106; baseline 0.003 -26"><span class='ocrx_word' id='word_1_95' title='bbox 359 2008 414 2086; x_wconf 88' lang='lat' dir='ltr'>vel</span> <span class='ocrx_word' id='word_1_96' title='bbox 431 2007 608 2079; x_wconf 79' lang='lat' dir='ltr'>defensam</span> <span class='ocrx_word' id='word_1_97' title='bbox 627 2004 783 2101; x_wconf 90' lang='lat' dir='ltr'>imponat</span> <span class='ocrx_word' id='word_1_98' title='bbox 800 2007 925 2095; x_wconf 89' lang='lat' dir='ltr'>alioui,</span> <span class='ocrx_word' id='word_1_99' title='bbox 945 2030 987 2078; x_wconf 90' lang='lat' dir='ltr'>ne</span> <span class='ocrx_word' id='word_1_100' title='bbox 1005 2031 1065 2104; x_wconf 89' lang='lat' dir='ltr'>per</span> <span class='ocrx_word' id='word_1_101' title='bbox 1083 2015 1210 2080; x_wconf 87' lang='lat' dir='ltr'>terram</span> <span class='ocrx_word' id='word_1_102' title='bbox 1229 2011 1419 2106; x_wconf 89' lang='lat' dir='ltr'>prohiben-</span> 
     </span>
     <span class='ocr_line' id='line_1_15' title="bbox 359 2116 1418 2217; baseline 0.004 -26"><span class='ocrx_word' id='word_1_103' title='bbox 359 2119 406 2192; x_wconf 93' lang='lat' dir='ltr'>tis</span> <span class='ocrx_word' id='word_1_104' title='bbox 424 2125 479 2191; x_wconf 87' lang='lat' dir='ltr'>eat</span> <span class='ocrx_word' id='word_1_105' title='bbox 497 2118 551 2190; x_wconf 85' lang='lat' dir='ltr'>vel</span> <span class='ocrx_word' id='word_1_106' title='bbox 570 2116 700 2211; x_wconf 93' lang='lat' dir='ltr'>aliquid</span> <span class='ocrx_word' id='word_1_107' title='bbox 721 2116 842 2203; x_wconf 84' lang='lat' dir='ltr'>faeiat,</span> <span class='ocrx_word' id='word_1_108' title='bbox 863 2117 942 2212; x_wconf 85' lang='lat' dir='ltr'>quia</span> <span class='ocrx_word' id='word_1_109' title='bbox 960 2119 1147 2215; x_wconf 88' lang='lat' dir='ltr'>impeditus</span> <span class='ocrx_word' id='word_1_110' title='bbox 1165 2128 1280 2217; x_wconf 87' lang='lat' dir='ltr'>potest</span> <span class='ocrx_word' id='word_1_111' title='bbox 1300 2121 1418 2196; x_wconf 84' lang='lat' dir='ltr'>secere</span> 
     </span>
    </p>
   </div>
   <div class='ocr_carea' id='block_1_4' title="bbox 359 2233 1523 2337">
    <p class='ocr_par' dir='ltr' id='par_1_5' title="bbox 359 2233 1523 2337">
     <span class='ocr_line' id='line_1_16' title="bbox 359 2233 1523 2337; baseline 0.003 -26"><span class='ocrx_word' id='word_1_112' title='bbox 359 2235 477 2312; x_wconf 82' lang='lat' dir='ltr'>vocari</span> <span class='ocrx_word' id='word_1_113' title='bbox 503 2234 538 2305; x_wconf 96' lang='lat' dir='ltr'>in</span> <span class='ocrx_word' id='word_1_114' title='bbox 562 2234 619 2329; x_wconf 85' lang='lat' dir='ltr'>jus</span> <span class='ocrx_word' id='word_1_115' title='bbox 637 2256 678 2305; x_wconf 93' lang='lat' dir='ltr'>eo</span> <span class='ocrx_word' id='word_1_116' title='bbox 698 2233 817 2320; x_wconf 87' lang='lat' dir='ltr'>modu,</span> <span class='ocrx_word' id='word_1_117' title='bbox 839 2243 877 2305; x_wconf 90' lang='lat' dir='ltr'>ut</span> <span class='ocrx_word' id='word_1_118' title='bbox 896 2237 1048 2331; x_wconf 84' lang='lat' dir='ltr'>proxime</span> <span class='ocrx_word' id='word_1_119' title='bbox 1066 2237 1196 2310; x_wconf 84' lang='lat' dir='ltr'>dietum</span> <span class='ocrx_word' id='word_1_120' title='bbox 1215 2247 1285 2325; x_wconf 92' lang='lat' dir='ltr'>est,</span> <span class='ocrx_word' id='word_1_121' title='bbox 1308 2240 1418 2337; x_wconf 89' lang='lat' dir='ltr'>impe·</span> <span class='ocrx_word' id='word_1_122' title='bbox 1522 2295 1523 2314; x_wconf 47' lang='lat' dir='ltr'>t</span> 
     </span>
    </p>
   </div>
   <div class='ocr_carea' id='block_1_5' title="bbox 352 2350 1523 2446">
    <p class='ocr_par' dir='ltr' id='par_1_6' title="bbox 352 2350 1523 2446">
     <span class='ocr_line' id='line_1_17' title="bbox 352 2350 1523 2446; baseline 0.01 -32"><span class='ocrx_word' id='word_1_123' title='bbox 352 2351 526 2436; x_wconf 88' lang='lat' dir='ltr'>dientem,</span> <span class='ocrx_word' id='word_1_124' title='bbox 549 2350 608 2444; x_wconf 94' lang='lat' dir='ltr'>qui</span> <span class='ocrx_word' id='word_1_125' title='bbox 627 2351 820 2446; x_wconf 90' lang='lat' dir='ltr'>impediens</span> <span class='ocrx_word' id='word_1_126' title='bbox 839 2353 906 2423; x_wconf 92' lang='lat' dir='ltr'>uisi</span> <span class='ocrx_word' id='word_1_127' title='bbox 926 2353 1085 2432; x_wconf 87' lang='lat' dir='ltr'>libellum</span> <span class='ocrx_word' id='word_1_128' title='bbox 1104 2354 1238 2443; x_wconf 86' lang='lat' dir='ltr'>offerat,</span> <span class='ocrx_word' id='word_1_129' title='bbox 1259 2357 1417 2430; x_wconf 90' lang='lat' dir='ltr'>inseren-</span> <span class='ocrx_word' id='word_1_130' title='bbox 1522 2417 1523 2426; x_wconf 73' lang='grc'>,</span> 
     </span>
    </p>
   </div>
   <div class='ocr_carea' id='block_1_6' title="bbox 361 2467 1417 2803">
    <p class='ocr_par' dir='ltr' id='par_1_7' title="bbox 361 2467 1417 2803">
     <span class='ocr_line' id='line_1_18' title="bbox 362 2467 1413 2568; baseline 0.007 -30"><span class='ocrx_word' id='word_1_131' title='bbox 362 2469 405 2538; x_wconf 91' lang='lat' dir='ltr'>do</span> <span class='ocrx_word' id='word_1_132' title='bbox 420 2467 456 2537; x_wconf 90' lang='lat' dir='ltr'>in</span> <span class='ocrx_word' id='word_1_133' title='bbox 471 2489 511 2537; x_wconf 90' lang='lat' dir='ltr'>eo</span> <span class='ocrx_word' id='word_1_134' title='bbox 522 2467 651 2560; x_wconf 86' lang='lat' dir='ltr'>justam</span> <span class='ocrx_word' id='word_1_135' title='bbox 668 2489 806 2537; x_wconf 88' lang='lat' dir='ltr'>eausam</span> <span class='ocrx_word' id='word_1_136' title='bbox 820 2469 1062 2564; x_wconf 80' lang='lat' dir='ltr'>prohibitionis</span> <span class='ocrx_word' id='word_1_137' title='bbox 1081 2494 1142 2543; x_wconf 91' lang='lat' dir='ltr'>seu</span> <span class='ocrx_word' id='word_1_138' title='bbox 1160 2471 1413 2568; x_wconf 89' lang='lat' dir='ltr'>impedimenti,</span> 
     </span>
     <span class='ocr_line' id='line_1_19' title="bbox 361 2583 1417 2686; baseline 0.006 -28"><span class='ocrx_word' id='word_1_139' title='bbox 361 2590 402 2658; x_wconf 93' lang='lat' dir='ltr'>ut</span> <span class='ocrx_word' id='word_1_140' title='bbox 418 2583 548 2655; x_wconf 86' lang='lat' dir='ltr'>dietum</span> <span class='ocrx_word' id='word_1_141' title='bbox 568 2588 634 2666; x_wconf 88' lang='lat' dir='ltr'>est,</span> <span class='ocrx_word' id='word_1_142' title='bbox 651 2583 761 2653; x_wconf 86' lang='lat' dir='ltr'>danda</span> <span class='ocrx_word' id='word_1_143' title='bbox 780 2591 834 2656; x_wconf 90' lang='lat' dir='ltr'>est</span> <span class='ocrx_word' id='word_1_144' title='bbox 852 2584 993 2657; x_wconf 87' lang='lat' dir='ltr'>lieentia</span> <span class='ocrx_word' id='word_1_145' title='bbox 1012 2610 1072 2682; x_wconf 91' lang='lat' dir='ltr'>per</span> <span class='ocrx_word' id='word_1_146' title='bbox 1086 2589 1224 2684; x_wconf 84' lang='lat' dir='ltr'>judices</span> <span class='ocrx_word' id='word_1_147' title='bbox 1242 2591 1417 2686; x_wconf 91' lang='lat' dir='ltr'>prohibito</span> 
     </span>
     <span class='ocr_line' id='line_1_20' title="bbox 362 2696 1417 2803; baseline 0.007 -32"><span class='ocrx_word' id='word_1_148' title='bbox 362 2700 404 2771; x_wconf 90' lang='lat' dir='ltr'>de</span> <span class='ocrx_word' id='word_1_149' title='bbox 431 2721 500 2770; x_wconf 92' lang='lat' dir='ltr'>non</span> <span class='ocrx_word' id='word_1_150' title='bbox 525 2696 692 2768; x_wconf 87' lang='lat' dir='ltr'>servando</span> <span class='ocrx_word' id='word_1_151' title='bbox 715 2698 1002 2793; x_wconf 78' lang='lat' dir='ltr'>prohibitionem,</span> <span class='ocrx_word' id='word_1_152' title='bbox 1031 2708 1067 2772; x_wconf 92' lang='lat' dir='ltr'>et</span> <span class='ocrx_word' id='word_1_153' title='bbox 1091 2702 1141 2774; x_wconf 88' lang='lat' dir='ltr'>sie</span> <span class='ocrx_word' id='word_1_154' title='bbox 1159 2711 1278 2777; x_wconf 86' lang='lat' dir='ltr'>eontra</span> <span class='ocrx_word' id='word_1_155' title='bbox 1304 2708 1417 2803; x_wconf 87' lang='lat' dir='ltr'>ipsum</span> 
     </span>
    </p>
   </div>
   <div class='ocr_carea' id='block_1_7' title="bbox 360 2812 1416 3028">
    <p class='ocr_par' dir='ltr' id='par_1_8' title="bbox 360 2812 1416 3028">
     <span class='ocr_line' id='line_1_21' title="bbox 360 2812 1416 2919; baseline 0.01 -32"><span class='ocrx_word' id='word_1_156' title='bbox 360 2812 629 2914; x_wconf 90' lang='lat' dir='ltr'>prohibitionem</span> <span class='ocrx_word' id='word_1_157' title='bbox 648 2813 765 2886; x_wconf 84' lang='lat' dir='ltr'>venire</span> <span class='ocrx_word' id='word_1_158' title='bbox 783 2823 919 2911; x_wconf 88' lang='lat' dir='ltr'>potest,</span> <span class='ocrx_word' id='word_1_159' title='bbox 939 2817 1037 2889; x_wconf 91' lang='lat' dir='ltr'>nullo</span> <span class='ocrx_word' id='word_1_160' title='bbox 1053 2841 1114 2914; x_wconf 90' lang='lat' dir='ltr'>per</span> <span class='ocrx_word' id='word_1_161' title='bbox 1133 2818 1199 2892; x_wconf 91' lang='lat' dir='ltr'>hoo</span> <span class='ocrx_word' id='word_1_162' title='bbox 1214 2825 1416 2919; x_wconf 88' lang='lat' dir='ltr'>proprietati</span> 
     </span>
     <span class='ocr_line' id='line_1_22' title="bbox 364 2928 803 3028; baseline 0 -25"><span class='ocrx_word' id='word_1_163' title='bbox 364 2928 577 3028; x_wconf 83' lang='lat' dir='ltr'>praejudicio</span> <span class='ocrx_word' id='word_1_164' title='bbox 594 2931 803 3025; x_wconf 80' lang='lat' dir='ltr'>generando.</span> 
     </span>
    </p>
   </div>
   <div class='ocr_carea' id='block_1_8' title="bbox 740 3162 1041 3238">
    <p class='ocr_par' dir='ltr' id='par_1_9' title="bbox 740 3162 1041 3238">
     <span class='ocr_line' id='line_1_23' title="bbox 740 3162 1041 3238; baseline -0.007 -3"><span class='ocrx_word' id='word_1_165' title='bbox 740 3163 894 3238; x_wconf 75' lang='lat' dir='ltr'>Rubrum</span> <span class='ocrx_word' id='word_1_166' title='bbox 911 3162 1041 3236; x_wconf 82' lang='lat' dir='ltr'>XXVII.</span> 
     </span>
    </p>
   </div>
   <div class='ocr_carea' id='block_1_9' title="bbox 692 3397 1087 3496">
    <p class='ocr_par' dir='ltr' id='par_1_10' title="bbox 692 3397 1087 3496">
     <span class='ocr_line' id='line_1_24' title="bbox 692 3397 1087 3496; baseline -0.003 -26"><span class='ocrx_word' id='word_1_167' title='bbox 692 3397 740 3471; x_wconf 70' lang='lat' dir='ltr'>ne</span> <span class='ocrx_word' id='word_1_168' title='bbox 756 3401 916 3474; x_wconf 79' lang='lat' dir='ltr'>diuisione</span> <span class='ocrx_word' id='word_1_169' title='bbox 930 3402 1087 3496; x_wconf 78' lang='lat' dir='ltr'>fratrum.</span> 
     </span>
    </p>
   </div>
   <div class='ocr_carea' id='block_1_10' title="bbox 355 3630 1417 4202">
    <p class='ocr_par' dir='ltr' id='par_1_11' title="bbox 355 3630 1417 4202">
     <span class='ocr_line' id='line_1_25' title="bbox 410 3630 1417 3726; baseline 0.008 -23"><span class='ocrx_word' id='word_1_170' title='bbox 410 3630 447 3703; x_wconf 93' lang='lat' dir='ltr'>Si</span> <span class='ocrx_word' id='word_1_171' title='bbox 472 3631 594 3703; x_wconf 87' lang='lat' dir='ltr'>tratres</span> <span class='ocrx_word' id='word_1_172' title='bbox 613 3631 668 3705; x_wconf 84' lang='lat' dir='ltr'>uel</span> <span class='ocrx_word' id='word_1_173' title='bbox 687 3631 796 3726; x_wconf 92' lang='lat' dir='ltr'>aliqui</span> <span class='ocrx_word' id='word_1_174' title='bbox 814 3632 979 3706; x_wconf 86' lang='lat' dir='ltr'>habentes</span> <span class='ocrx_word' id='word_1_175' title='bbox 998 3655 1053 3705; x_wconf 91' lang='lat' dir='ltr'>res</span> <span class='ocrx_word' id='word_1_176' title='bbox 1070 3656 1274 3706; x_wconf 84' lang='lat' dir='ltr'>communes</span> <span class='ocrx_word' id='word_1_177' title='bbox 1294 3637 1417 3711; x_wconf 87' lang='lat' dir='ltr'>volunt</span> 
     </span>
     <span class='ocr_line' id='line_1_26' title="bbox 355 3751 1414 3848; baseline 0.004 -24"><span class='ocrx_word' id='word_1_178' title='bbox 355 3773 381 3824; x_wconf 86' lang='lat' dir='ltr'>-a</span> <span class='ocrx_word' id='word_1_179' title='bbox 399 3751 643 3822; x_wconf 83' lang='lat' dir='ltr'>communione</span> <span class='ocrx_word' id='word_1_180' title='bbox 672 3751 868 3835; x_wconf 79' lang='lat' dir='ltr'>discedere,</span> <span class='ocrx_word' id='word_1_181' title='bbox 897 3759 932 3822; x_wconf 93' lang='lat' dir='ltr'>et</span> <span class='ocrx_word' id='word_1_182' title='bbox 957 3775 1025 3824; x_wconf 93' lang='lat' dir='ltr'>non</span> <span class='ocrx_word' id='word_1_183' title='bbox 1054 3758 1199 3848; x_wconf 92' lang='lat' dir='ltr'>possunt</span> <span class='ocrx_word' id='word_1_184' title='bbox 1228 3758 1414 3828; x_wconf 85' lang='lat' dir='ltr'>convenire</span> 
     </span>
     <span class='ocr_line' id='line_1_27' title="bbox 363 3866 1415 3968; baseline 0.003 -27"><span class='ocrx_word' id='word_1_185' title='bbox 363 3868 511 3963; x_wconf 87' lang='lat' dir='ltr'>qualiter</span> <span class='ocrx_word' id='word_1_186' title='bbox 525 3866 698 3954; x_wconf 83' lang='lat' dir='ltr'>dividant,</span> <span class='ocrx_word' id='word_1_187' title='bbox 719 3891 810 3939; x_wconf 92' lang='lat' dir='ltr'>unus</span> <span class='ocrx_word' id='word_1_188' title='bbox 828 3867 930 3950; x_wconf 85' lang='lat' dir='ltr'>debet</span> <span class='ocrx_word' id='word_1_189' title='bbox 955 3869 1107 3942; x_wconf 88' lang='lat' dir='ltr'>dividere</span> <span class='ocrx_word' id='word_1_190' title='bbox 1126 3874 1160 3939; x_wconf 92' lang='lat' dir='ltr'>et</span> <span class='ocrx_word' id='word_1_191' title='bbox 1177 3869 1266 3941; x_wconf 90' lang='lat' dir='ltr'>alius</span> <span class='ocrx_word' id='word_1_192' title='bbox 1286 3873 1415 3968; x_wconf 81' lang='lat' dir='ltr'>eligere</span> 
     </span>
     <span class='ocr_line' id='line_1_28' title="bbox 365 3983 1414 4079; baseline 0.007 -24"><span class='ocrx_word' id='word_1_193' title='bbox 365 4008 467 4055; x_wconf 87' lang='lat' dir='ltr'>unam</span> <span class='ocrx_word' id='word_1_194' title='bbox 486 3984 528 4055; x_wconf 91' lang='lat' dir='ltr'>de</span> <span class='ocrx_word' id='word_1_195' title='bbox 545 3983 700 4079; x_wconf 87' lang='lat' dir='ltr'>partibus</span> <span class='ocrx_word' id='word_1_196' title='bbox 714 3983 845 4056; x_wconf 88' lang='lat' dir='ltr'>divisis:</span> <span class='ocrx_word' id='word_1_197' title='bbox 863 3985 923 4056; x_wconf 91' lang='lat' dir='ltr'>sed</span> <span class='ocrx_word' id='word_1_198' title='bbox 938 3986 998 4058; x_wconf 88' lang='lat' dir='ltr'>ille</span> <span class='ocrx_word' id='word_1_199' title='bbox 1017 3991 1155 4056; x_wconf 87' lang='lat' dir='ltr'>tenetur</span> <span class='ocrx_word' id='word_1_200' title='bbox 1174 3985 1340 4075; x_wconf 90' lang='lat' dir='ltr'>dividere,</span> <span class='ocrx_word' id='word_1_201' title='bbox 1358 3993 1414 4062; x_wconf 90' lang='lat' dir='ltr'>oui</span> 
     </span>
     <span class='ocr_line' id='line_1_29' title="bbox 362 4100 1413 4202; baseline 0.007 -28"><span class='ocrx_word' id='word_1_202' title='bbox 362 4101 442 4199; x_wconf 93' lang='lat' dir='ltr'>plus</span> <span class='ocrx_word' id='word_1_203' title='bbox 471 4103 571 4174; x_wconf 90' lang='lat' dir='ltr'>datur</span> <span class='ocrx_word' id='word_1_204' title='bbox 599 4100 640 4174; x_wconf 86' lang='lat' dir='ltr'>ab</span> <span class='ocrx_word' id='word_1_205' title='bbox 671 4101 799 4188; x_wconf 85' lang='lat' dir='ltr'>altera,</span> <span class='ocrx_word' id='word_1_206' title='bbox 826 4103 882 4174; x_wconf 90' lang='lat' dir='ltr'>eui</span> <span class='ocrx_word' id='word_1_207' title='bbox 907 4104 1032 4177; x_wconf 80' lang='lat' dir='ltr'>electio</span> <span class='ocrx_word' id='word_1_208' title='bbox 1056 4111 1269 4194; x_wconf 88' lang='lat' dir='ltr'>reservatur,</span> <span class='ocrx_word' id='word_1_209' title='bbox 1295 4107 1413 4202; x_wconf 87' lang='lat' dir='ltr'>sieque</span> 
     </span>
    </p>
   </div>
   <div class='ocr_carea' id='block_1_11' title="bbox 0 0 1562 5214">
    <p class='ocr_par' dir='ltr' id='par_1_12' title="bbox 0 0 1562 5214">
     <span class='ocr_line' id='line_1_30' title="bbox 0 0 1562 5214; baseline 0 0"><span class='ocrx_word' id='word_1_210' title='bbox 0 0 1562 5214; x_wconf 95' lang='lat' dir='ltr'> </span> 
     </span>
    </p>
   </div>
  </div>
 </body>
</html>
