3098 5218
589 481 762 554 ..93-

146 627 405 708 consuetudine
430 621 476 698 ds
497 624 527 695 si
549 629 684 694 13313133
703 618 760 693 del
784 618 1208 698 11131313333113333333·

147 751 295 825 siontbns
315 744 487 821 morientis
502 742 576 816 sine
591 739 674 834 fitia
691 762 735 812 ea
751 748 955 814 testamento.

196 984 230 1077 1)
246 982 285 1055 Ρ.
304 979 364 1054 21.
381 1002 415 1054 3.
435 977 494 1051 aa.
512 975 577 1072 (De
593 976 709 1071 quibus
725 975 967 1070 filiusfamilias
981 987 1089 1071 potest
1107 986 1207 1051 13313·

145 1101 198 1197 ri)
214 1095 321 1169 -La
340 1093 598 1169 eonsuetudines
616 1097 803 1166 contenuta
821 1091 857 1163 in
875 1098 998 1187 questa
1021 1093 1159 1166 rubrica
1177 1095 1207 1166 si

145 1215 191 1288 ha
209 1236 229 1288 a
247 1212 401 1286 dividere
419 1211 455 1282 in
473 1218 525 1284 133
544 1209 646 1306 parti,
664 1208 697 1280 la
715 1208 826 1305 prima
839 1209 930 1282 dalla
945 1210 1039 1306 quali
1059 1211 1207 1282 termina

147 1352 213 1402 oon
238 1328 272 1400 13
297 1325 415 1424 parola
438 1324 665 1398 observantur.
685 1321 733 1394 La
758 1323 908 1396 secanda
932 1331 1028 1419 parte
1053 1326 1208 1396 consiste

147 1444 241 1517 33113
258 1442 374 1538 parole
387 1439 561 1514 1131313313
575 1448 672 1536 patre
686 1441 725 1511 in
741 1441 856 1523 medio,
873 1449 981 1513 333331
995 1443 1206 1528 consuetudo,

148 1584 168 1634 3
186 1561 208 1633 l’
220 1559 341 1632 ultima
360 1555 1015 1652 33313333331333331333333113.
1033 1559 1079 1629 La
1099 1558 1209 1654 prima

148 1684 242 1775 pasta
269 1679 287 1748 3
307 1674 422 1747 simile
441 1673 508 1745 3113
526 1673 786 1748 consuetudine
808 1673 841 1744 di
860 1673 982 1769 Napoli
1001 1673 1209 1770 111133133ιὶ-

147 1795 212 1868 dios
229 1793 285 1866 dcl
306 1801 428 1886 quarto
446 1789 546 1861 titolo
565 1789 614 1861 De
634 1789 867 1886 fidiisfamidias
889 1791 1068 1863 nolentibus
1093 1795 1211 1864 1331331

146 1923 179 1986 31
195 1910 367 2006 dequibus
384 1909 495 1994 bonis,
521 1929 540 1979 3
563 1907 705 1980 laterna
728 1908 796 1980 3113
816 1907 1076 1982 consuetudins
1096 1909 1162 1984 Sed
1179 1918 1211 1983 31

145 2027 267 2104 mulier
288 2027 344 2100 dal
362 2027 463 2101 titolo
481 2025 602 2120 quinto
620 2024 669 2098 De
685 2026 895 2122 dtiasomdta
913 2026 1067 2100 nubente.
1087 2026 1210 2100 113333

147 2148 204 2246 poi
228 2148 262 2220 13
287 2146 438 2218 soconda
463 2152 559 2241 parts
583 2144 675 2216 33113
699 2143 952 2243 consuetudini
983 2145 1207 2241 napoletane;

149 2287 205 2336 ma
222 2263 405 2335 dobbiamo
424 2283 589 2358 supparia
602 2263 666 2333 che
681 2262 797 2356 quelle
811 2262 931 2358 parole
946 2283 1014 2336 non
1029 2261 1127 2334 31333
1146 2262 1209 2334 che

147 2403 217 2454 una
241 2378 380 2476 postilla
404 2379 438 2450 di
462 2376 609 2472 qualche
628 2377 907 2472 giureconsulto,
929 2377 962 2449 la
984 2380 1085 2473 quale
1104 2380 1138 2451 in
1157 2403 1211 2452 33·

92 2566 95 2578 ,
147 2497 244 2594 guito
270 2519 330 2594 par
354 2517 440 2593 poca
468 2493 693 2568 avvadutezza
722 2493 908 2592 de'copisti
930 2518 1041 2569 venna
1066 2496 1209 2570 13333113

148 2612 206 2684 nel
230 2616 339 2697 13313,
370 2609 496 2707 perche
520 2631 597 2681 3333
617 2614 835 2714 contengono
862 2633 930 2682 una
949 2601 1111 2683 massima
1131 2635 1210 2709 peo-
1325 2649 1326 2660 ¹

149 2728 297 2802 clamata
317 2726 406 2821 dagl’
419 2725 599 2820 interpreti
618 2724 675 2796 del
694 2726 814 2798 diritto
833 2728 1142 2800 consuetudinario
1165 2729 1208 2800 ed

151 2844 304 2916 adottata
323 2842 416 2913 dalla
434 2848 552 2913 333133
571 2840 686 2912 331133
703 2841 1000 2937 giurispsudcnza,
1012 2845 1086 2918 vala
1102 2868 1121 2917 a
1136 2846 1209 2919 dire

149 2962 213 3036 ohe
226 2970 325 3057 patre
340 2959 391 3033 331
406 2969 512 3032 matre
530 2959 692 3032 asistente
709 2961 746 3031 in
763 2961 868 3034 medio
885 2972 992 3036 cessat
1010 2966 1209 3037 consuetodo

143 3077 344 3166 Ι3133333133
357 3078 416 3171 jus
432 3096 619 3158 commane·
637 3072 663 3145 11
688 3073 774 3163 ohe,
799 3095 898 3148 come
918 3085 1135 3153 santamente
1153 3102 1210 3152 os·

149 3217 291 3269 servava
315 3216 361 3266 un
385 3200 503 3265 nostro
524 3191 785 3286 giuscconsulto
804 3192 860 3290 (1),
882 3195 1132 3292 intettipendnm
1163 3208 1211 3271 331

148 3335 290 3408 mamper
306 3311 617 3396 313333333113313,
642 3310 700 3384 133
716 3320 764 3383 331
780 3313 864 3406 qaod
880 3323 983 3386 333331
997 3317 1056 3409 jas
1073 3338 1208 3389 consae·
1236 3362 1240 3376 ι

150 3430 376 3514 1311333133,
403 3427 459 3501 331
478 3449 540 3522 per
556 3429 645 3500 31331
661 3449 728 3501 non
745 3430 1064 3524 comprehensionis,
1084 3433 1211 3506 scilieet

150 3549 189 3619 in
216 3555 376 3640 quantum
403 3569 472 3618 non
496 3546 818 3641 comprehenduntur
841 3547 900 3621 sab
918 3549 981 3622 doe
999 3551 1210 3646 dispositione

151 3663 334 3738 nmdeds
350 3663 493 3760 13331133
510 3661 726 3738 Consuetudo.
1034 3653 1041 3672 '

191 3969 226 4046 (1)
246 3969 339 4028 Groasi
351 3970 480 4042 (Mutius
494 3973 655 4048 Antonius)
670 3977 712 4032 De
725 3974 955 4033 successionibus
968 3974 1006 4034 ab
1019 3975 1158 4032 intestato
1168 3969 1210 4029 ad

154 4067 429 4142 interpretationem
446 4067 700 4128 Consuetudinem
714 4071 990 4148 neapolitanorum:
1001 4089 1063 4147 pag.
1074 4073 1123 4132 112
1134 4069 1211 4146 (1133-

154 4162 207 4234 poli
224 4166 305 4236 1618,
321 4163 395 4238 tot).
