3116 5214
362 565 518 638 mittatur
543 566 578 637 in
606 566 678 661 ipso
704 565 842 662 parieta·
860 565 975 659 aliqua
995 566 1137 639 materia
1155 566 1270 663 lignea
1288 572 1342 644 vel
1362 574 1423 645 la-

359 685 479 781 pidea,
506 708 566 758 seu
592 707 831 780 quaecumque
849 683 936 771 alia,
957 683 1023 754 nisi
1042 683 1130 757 forto
1147 687 1259 783 oapita
1278 690 1421 786 tegula-

359 827 437 875 rum
455 802 513 875 ubi
532 802 578 874 sit
595 809 738 889 tectum,
754 802 808 874 vel
823 803 991 874 lacertum
1009 801 1068 874 ubi
1086 803 1132 875 sit
1147 810 1335 894 astraoum,
1352 807 1419 880 de·

361 919 419 1010 het
433 924 589 1015 quartam
608 924 738 1014 partem
754 917 1004 990 aestimationis
1018 918 1127 1015 ipsius
1142 921 1283 1017 parietis
1298 930 1333 996 et
1346 923 1421 996 soli

361 1044 534 1132 praestare
553 1035 618 1131 ipsi
637 1036 776 1109 habenti
794 1036 975 1132 parietem.

409 1149 452 1234 Et
478 1149 686 1244 ubicumque
710 1148 748 1220 lit
771 1149 902 1232 mentio
929 1149 971 1220 de
997 1158 1175 1246 apertura,
1204 1151 1417 1250 intelligitur

361 1270 517 1357 dossitia,
534 1278 660 1354 notum,
677 1269 877 1353 rotundum,
894 1269 946 1341 vel
963 1279 1122 1366 apertura
1141 1272 1182 1344 ad
1201 1275 1342 1347 modum
1362 1275 1417 1346 la-

361 1394 498 1458 nestrae
522 1411 601 1459 oum
620 1385 825 1458 santonibus
844 1384 974 1473 laetae;
995 1393 1030 1458 et
1048 1388 1106 1460 uhi
1124 1392 1292 1482 praestari
1311 1391 1417 1464 dehet

360 1505 554 1576 aestimatio
573 1505 678 1599 partis
693 1503 847 1599 parietis,
865 1508 904 1574 ut
917 1503 1047 1574 dietum
1063 1511 1130 1596 est,
1146 1505 1415 1602 intelligendum

360 1631 414 1694 est
431 1622 473 1693 de
491 1621 621 1716 pariete
636 1621 672 1691 in
688 1627 854 1714 quantum
872 1620 960 1691 alius
976 1614 1185 1710 aedificium,
1204 1627 1295 1719 quod
1311 1625 1411 1711 lacit,

359 1741 518 1838 appodiat
531 1763 592 1810 seu
610 1762 714 1810 onera
729 1738 852 1808 domus
866 1761 949 1810 suae
968 1739 1125 1814 immittit
1146 1764 1165 1812 a
1185 1741 1414 1815 fundamento

360 1859 471 1953 ipsius
497 1855 639 1952 parietis
664 1877 772 1948 usque
797 1855 839 1925 ad
863 1855 999 1940 looum,
1028 1855 1063 1926 in
1090 1881 1157 1951 quo
1181 1860 1342 1956 appodiat
1357 1859 1416 1933 vel

360 1994 464 2042 onera
481 1972 648 2058 immittit,
670 1980 705 2042 et
722 1994 790 2042 nou
809 1971 913 2042 ultra.

747 2255 902 2330 Runnma
926 2256 997 2328 XX.

631 2536 679 2608 Da
696 2541 861 2631 operturis
879 2559 945 2609 oon
961 2539 1138 2633 sociandis.

407 2792 469 2864 Ubi
485 2792 612 2885 aliquis
627 2791 800 2862 construit
816 2789 870 2864 vel
889 2791 1043 2864 oonstrui
1061 2791 1143 2864 lauit
1160 2794 1356 2867 aedifioium
1376 2796 1411 2867 in

359 2913 433 2982 solo
452 2910 597 2997 suo‚uhi
614 2910 700 2980 alias
717 2910 913 2982 aedificium
933 2934 1001 2983 non
1020 2910 1097 2996 luit,
1110 2914 1208 3007 juxta
1226 2913 1341 2985 solum
1360 2914 1412 2988 vi-

266 3069 268 3072 ·
360 3033 443 3118 oini,
460 3057 527 3104 non
544 3042 597 3103 est
611 3032 745 3103 licitum
761 3031 826 3102 sihi
841 3056 989 3127 pennam
1003 3033 1085 3104 teoti
1103 3034 1157 3107 vel
1174 3035 1311 3120 astraei,
1331 3037 1409 3106 dos-

274 3129 279 3140 ’
361 3150 474 3220 sitiam
493 3150 547 3221 vel
567 3148 718 3242 aliquam
737 3154 932 3241 aperturam
951 3147 1064 3219 lauare
1085 3149 1120 3219 iu
1139 3151 1289 3245 pariete,
1309 3174 1411 3246 quem

239 3331 241 3338 s
359 3268 531 3340 construit
550 3268 648 3362 juxta
666 3266 778 3336 solum
796 3266 919 3350 vieini,
940 3267 1007 3337 nisi
1026 3290 1087 3362 per
1103 3269 1235 3363 palmos
1258 3276 1412 3342 remotos

358 3396 435 3461 ooto
455 3413 472 3459 a
492 3388 631 3482 regiona
648 3387 753 3459 vieini
772 3386 948 3457 aedilloet:
969 3392 1052 3458 tuno
1070 3389 1162 3460 euim
1180 3395 1295 3485 potest
1312 3413 1410 3487 aper-

357 3516 452 3578 turas
473 3507 586 3577 facero
610 3506 645 3577 iu
670 3504 743 3599 ipso
768 3503 896 3600 parieta
916 3504 1013 3599 juxta
1038 3528 1120 3576 suae
1144 3507 1325 3578 arbitrium
1351 3530 1410 3580 vo-

356 3623 513 3696 luntatis

403 3742 440 3817 si
458 3741 535 3836 quis
553 3739 653 3811 hahet
671 3740 810 3810 domum
830 3762 932 3835 supra
950 3740 1021 3812 sive
1035 3742 1134 3836 juxta
1153 3739 1306 3830 domum,
1327 3743 1406 3815 hor·

356 3868 443 3944 tum,
461 3861 576 3930 locum
596 3857 649 3930 vel
667 3879 782 3928 aream
800 3855 918 3942 vieini,
935 3856 971 3928 iu
989 3879 1056 3951 qua
1075 3855 1176 3928 domo
1195 3864 1277 3930 sunt
1294 3859 1406 3930 dossi-

357 3978 424 4048 tiae
442 3976 496 4047 vel
515 3976 603 4046 aliae
623 3981 803 4070 aperturae
822 3997 925 4069 supra
945 3973 1054 4068 ipsam
1075 3973 1229 4061 domum,
1251 3975 1405 4064 hortum,

358 4095 474 4166 locum
501 4092 554 4166 vel
580 4113 694 4164 aream
720 4089 844 4176 vicini,
864 4089 894 4163 si
913 4090 1053 4166 domum
1077 4114 1176 4164 suam
1199 4091 1284 4168 velit
1303 4093 1410 4168 altius
