3116 5214
625 471 799 544 ..95-

165 619 267 692 dictis
285 616 423 692 casibus
440 613 648 712 proprietate
664 617 699 683 et
713 607 933 707 possessione
948 608 1118 684 bonorum
1136 611 1228 708 ipso·

164 759 243 808 rum
261 735 352 831 apud
369 741 501 830 patrem
519 729 794 804 remanentibus.

212 852 339 925 Mulier
362 852 404 922 de
428 851 526 937 dote,
546 848 708 922 donativo
730 854 766 920 et
782 853 904 943 quarta
924 869 988 919 sua
1005 852 1167 918 teneatur
1185 845 1228 918 li-

163 965 257 1039 beris
278 971 454 1063 praestare
477 965 641 1038 alimenta
655 964 753 1060 juxta
771 962 974 1036 facultatem
998 968 1034 1032 et
1053 961 1228 1056 possibili·

163 1089 271 1156 tatem
287 1107 398 1155 suam.
415 1083 463 1155 lle
476 1080 692 1155 excedentiis
703 1103 785 1155 uero
799 1078 961 1151 omnibns
981 1078 1226 1174 undecumque
1296 1089 1301 1100 '

166 1200 431 1276 obvenientibus
454 1201 519 1273 sibi
545 1202 624 1298 jure
646 1199 865 1272 successorio
892 1199 946 1272 vel
976 1197 1061 1284 alio,
1089 1203 1228 1268 terretur

165 1315 382 1412 quibuslibet
404 1317 486 1390 tiliis
509 1316 583 1390 suis
608 1324 644 1388 et
669 1315 853 1413 nepotibus
881 1311 1173 1387 descendentibus
1191 1313 1226 1382 in

165 1432 339 1505 infinitum
368 1455 410 1505 ex
440 1456 531 1521 uno,
554 1431 709 1516 duobus,
734 1430 954 1526 tribusviris
978 1429 1035 1505 rel
1059 1429 1226 1526 deinceps

165 1549 335 1646 susceptis
351 1549 408 1622 vel
426 1548 553 1622 habitis
571 1549 739 1622 alimenta
756 1554 947 1646 praestare.

570 1716 726 1839 llusmcn
743 1764 829 1836 Vlll.
952 1727 956 1734 ’

350 2045 356 2060 ·
453 2006 503 2081 De
518 2005 935 2103 inpratttodiccfiltcrom.

211 2240 250 2311 ln
268 2238 430 2312 omnibus
448 2238 587 2313 casibus
604 2239 659 2313 vel
676 2236 806 2324 causis,
817 2237 875 2310 ubi
891 2243 988 2332 pater
1002 2243 1037 2308 et
1051 2243 1162 2308 mater
1174 2245 1227 2310 te·

163 2365 292 2431 ucntur
309 2366 483 2454 praestare
502 2357 618 2452 aliqua
639 2357 806 2430 alimenta
824 2355 945 2429 liberis
962 2354 1053 2442 suis,
1073 2354 1146 2450 ipsa
1164 2355 1224 2427 de·
1364 2420 1368 2426 .

164 2495 288 2569 negare
316 2482 487 2570 possunt,
512 2474 542 2546 ei
571 2495 713 2547 oausam
737 2470 1001 2568 ingratitudinis
1029 2469 1131 2542 liberi
1156 2470 1223 2566 ipsi

163 2591 414 2666 contraxerint.

578 2711 734 2785 Ruemoa
751 2708 809 2781 lX.

533 2946 584 3021 lle
592 2951 674 3043 juro
690 2949 829 3022 dotium.

211 3179 248 3254 Si
268 3180 393 3253 mulier
415 3187 523 3277 nupta
544 3181 636 3256 filios
656 3203 718 3256 seu
737 3184 867 3259 liberos
885 3186 1017 3260 habens
1036 3187 1218 3276 moriatur,

163 3303 199 3370 et
215 3297 278 3371 filii
296 3323 358 3372 seu
378 3300 478 3374 liberi
497 3301 612 3374 nolint
627 3324 689 3374 seu
707 3325 779 3374 non
797 3305 932 3399 possint
951 3311 1043 3378 stare
1061 3328 1143 3404 eum
1162 3328 1221 3401 pa-

162 3433 234 3514 tre,
254 3421 309 3498 rel
328 3417 430 3518 pater
442 3419 531 3492 nolit
547 3440 607 3490 eos
624 3441 744 3491 secum
763 3444 915 3508 manere,
937 3421 999 3494 dos
1016 3429 1051 3494 et
1065 3421 1153 3494 bona
1169 3423 1221 3518 ip-

163 3543 239 3616 sius
262 3537 420 3611 mulieris
443 3541 662 3608 revertantur
679 3535 720 3607 ad
740 3535 847 3622 filios,
868 3538 1108 3634 possessiones
1125 3537 1223 3610 vide·

163 3660 261 3743 licet,
273 3654 503 3739 existimatae,
518 3651 572 3725 uel
586 3651 853 3741 incxistimatac‚
869 3659 904 3725 et
918 3653 1100 3726 corradum
1115 3653 1222 3726 sicuti

163 3780 285 3856 extant
306 3767 571 3844 incontinenti.
597 3766 749 3840 Pecunia
766 3791 847 3842 vero
865 3776 899 3840 et
916 3769 1013 3842 valor
1029 3770 1165 3842 corredi
1184 3769 1220 3840 in

162 3917 265 3978 auro,
292 3896 434 3984 argento
457 3894 494 3960 et
515 3886 649 3983 pernis,
678 3885 802 3958 sinon
825 3894 961 3975 extant,
989 3888 1221 3960 restituantur

163 4011 296 4084 eisdem
310 4000 392 4080 filiis
409 4004 498 4077 inlra
517 4027 660 4076 annum.
680 4003 774 4076 ldem
790 4012 843 4079 est
860 4004 895 4076 in
915 4004 993 4076 aliis
1009 4003 1221 4078 successori-

164 4127 230 4201 bus
251 4123 441 4199 mulierum
464 4121 636 4220 ipsarum,
657 4127 833 4196 reservato
856 4121 919 4196 illo
937 4120 1029 4218 quod
1051 4121 1125 4220 ipsa
1144 4143 1223 4195 nru-
