3098 5218
503 407 508 413 ’
579 451 778 528 ..rou-

143 606 218 678 luto
232 597 448 685 emendante,
464 594 589 695 perth&
602 617 681 668 esso
696 617 764 666 non
783 598 801 668 ὲ
820 596 876 667 nel
890 596 966 668 solo
979 597 1100 672 codiee
1118 597 1200 672 Vul-

143 723 240 808 lena,
260 743 316 792 rna
334 717 444 790 anche
464 717 499 786 in
518 713 599 786 tutti
614 715 663 810 gli
683 714 761 785 altri
778 715 1015 788 osservatiuat
1034 716 1199 815 Capussa,

141 865 161 913 e
180 844 247 938 pub
265 839 301 911 in
320 855 557 929 eonseguenza
576 832 736 929 supporsi
755 833 820 905 ohe
838 832 889 904 sia
908 833 1063 907 derivato
1080 835 1203 907 331Ιό-

145 957 293 1056 riginale
311 950 561 1049 compiluzione
580 949 671 1021 delle
691 949 943 1024 consuetudini
962 950 996 1022 di
1020 953 1198 1026 Surrento.

187 1185 245 1282 33)
264 1184 302 1256 P.
322 1185 381 1258 50.
401 1207 434 1258 v.
455 1184 489 1255 7.
513 1190 526 1282 t
535 1182 583 1255 De
601 1181 771 1256 arboribus
789 1183 1009 1277 pendentibus
1025 1207 1128 1278 tupru
1146 1185 1203 1258 bo-

140 1323 231 1377 uun
249 1299 548 1390 alterurn-Non
579 1299 752 1371 differisee
781 1305 890 1394 punto
915 1305 1037 1394 questa
1063 1299 1202 1374 rubrica

142 1422 336 1493 dall’uniua
358 1417 619 1493 Consuetudine
647 1416 683 1489 di
707 1416 829 1513 Napoli
848 1416 887 1490 Si
904 1419 1003 1490 urbor
1021 1419 1125 1490 uicini
1144 1417 1200 1490 dul

140 1539 402 1636 vigesi‘munonu
420 1536 520 1611 titolo
538 1535 587 1610 De
603 1537 724 1633 qbuude
742 1536 880 1633 ieqeudu
895 1559 953 1610 seu
968 1536 1134 1633 fructibus
1155 1537 1201 1609 te·

138 1655 266 1752 uendit.

188 1887 244 1984 33)
265 1886 303 1958 P.
324 1887 383 1960 50.
404 1912 437 1963 v.
458 1886 516 1959 17.
540 1887 606 1985 (De
628 1887 856 1960 eontrubeudu
878 1889 1055 1984 emptione)
1082 1935 1126 1946 -
1152 1886 1200 1960 La

138 2003 402 2077 Consuetudine
429 2004 637 2100 napoletana
662 2003 867 2081 Venditionis
889 2014 1097 2092 contractus,
1118 2004 1199 2077 eh’b

137 2120 274 2194 l’uniua
293 2121 349 2193 del
367 2121 546 2216 trigesimo
565 2121 665 2214 titolo
679 2121 727 2193 De
744 2122 972 2196 contrahenda
990 2124 1151 2216 emptione
1168 2132 1200 2196 et

137 2239 179 2313 de
194 2241 284 2311 ueris
297 2239 429 2327 dandis,
445 2239 474 2312 si
490 2246 585 2312 trove
601 2239 636 2311 in
651 2245 773 2336 questa
787 2237 926 2311 rubrica
941 2237 1115 2311 trascritta
1129 2237 1200 2310 alla

139 2355 279 2428 lettera.

186 2592 246 2688 34)
263 2593 299 2666 Ρ.
321 2593 380 2667 51.
399 2619 432 2670 v.
452 2594 488 2666 3.
511 2602 523 2690 (
533 2591 582 2666 De
609 2594 752 2688 eonliuio
781 2597 934 2690 nperune
950 2604 963 2693 )
981 2643 1025 2678 -,
1041 2599 1077 2669 L’
1094 2598 1197 2672 unica

138 2709 398 2784 consuetudine
419 2711 626 2805 napoletana
643 2712 699 2784 del
719 2713 1010 2809 trigesimoprimo
1029 2715 1129 2786 titolo
1148 2715 1197 2788 De

137 2830 215 2923 ripe
236 2828 287 2902 uei
309 2829 411 2924 esrieo
436 2832 455 2899 ὸ
479 2833 569 2900 tutta
586 2829 754 2924 riportata
771 2829 806 2900 in
825 2839 948 2924 questa
967 2831 1118 2919 rubrica,
1139 2855 1195 2904 ma

138 2944 172 3016 la
191 2945 285 3018 dena
301 2945 562 3020 consuetudine
579 2946 727 3017 termina
745 2968 810 3018 con
830 2947 862 3018 le
877 2947 994 3043 parole
1003 2952 1125 3043 poterit
1137 2971 1198 3044 up-

134 3064 363 3159 peupinquere
379 3065 423 3138 eb
439 3066 549 3158 ripum
565 3073 597 3135 et
613 3064 765 3160 esrieum.
787 3064 814 3136 ll
832 3064 1038 3150 rimarente,
1055 3063 1119 3137 ebe
1138 3087 1196 3137 eo-

70 3175 73 3182 ’
140 3178 268 3252 minoia
287 3202 352 3253 uon
372 3180 403 3252 le
422 3179 538 3276 parole
552 3183 602 3253 itu
619 3181 703 3275 quud
714 3203 787 3276 pes,
808 3181 844 3252 in
863 3203 1027 3253 essenon
1046 3180 1075 3253 si
1094 3179 1195 3278 bugge

139 3298 180 3369 ed
197 3301 217 3369 b
235 3303 325 3373 stato
343 3297 413 3370 ulla
431 3305 543 3371 stessa
561 3297 726 3394 aggiuntu
744 3298 1015 3374 da'Sorrentini.

186 3529 242 3628 35)
261 3529 378 3604 Pseu.
397 3555 430 3610 v.
451 3532 487 3607 3.
507 3532 572 3632 (De
587 3534 774 3607 venditione
785 3531 926 3630 pupilli)
946 3532 1057 3607 -Le
1074 3536 1194 3633 parole

137 3647 189 3720 uel
208 3671 271 3743 per
294 3649 452 3745 Rujubum
476 3659 508 3721 et
531 3649 665 3723 budieee
682 3648 992 3735 Surrentinum,
1018 3653 1089 3726 ele
1107 3653 1194 3726 altre

138 3764 189 3837 uei
208 3765 308 3847 detur
330 3769 411 3861 ipsis
428 3766 567 3862 pupibus
583 3790 645 3862 per
668 3766 826 3862 Bejubum
842 3775 873 3838 et
890 3765 1024 3841 budieee
1041 3767 1194 3842 Giuttutr

139 3882 297 3956 Surrenti
325 3907 410 3958 sono
441 3890 530 3958 state
556 3885 721 3981 aggiunte
747 3884 782 3956 in
809 3890 929 3979 questa
955 3884 1094 3958 rubrica
1125 3885 1194 3958 alla

139 3998 397 4073 Consuetudine
416 4001 621 4098 napoletana
638 3999 791 4097 Pupillus
807 4002 865 4096 qui
880 4001 1008 4087 uendit,
1029 4000 1111 4074 uh'ir
1130 4001 1193 4076 l'u·

141 4112 216 4186 nien
231 4117 287 4189 del
306 4117 640 4214 trigesimoseuondo
654 4119 697 4189 ed
712 4118 836 4192 ultimo
849 4117 949 4191 titolo
962 4117 1011 4192 De
1028 4119 1192 4215 intentum
