3116 5214
799 423 972 497 ..44-

358 571 433 638 otor
443 564 653 640 stabularius
666 586 727 660 pro
742 563 815 635 suis
829 561 1022 661 hospitibus
1036 561 1108 636 sive
1122 560 1331 635 animalibus
1347 559 1414 634 ho-

359 683 486 778 spitum
504 683 644 756 doenum
658 680 713 755 uel
727 679 861 776 paleam
880 679 915 750 in
935 680 1035 751 domo
1053 680 1237 766 eonducta,
1257 677 1317 751 ubi
1334 679 1414 774 ipse

358 800 588 896 personaliter
602 804 784 883 moretur,
813 795 940 868 habere
965 803 1099 868 tantum
1123 795 1158 868 in
1182 794 1301 892 burgis
1327 795 1415 870 Sur·

358 918 447 992 renti
465 919 520 992 vel
542 916 624 990 aiibi
643 923 737 988 extra
757 938 875 987 muros
894 913 1062 1003 Civitatis.

744 1149 899 1222 Runmoa
922 1146 1027 1247 XXli.

277 1411 280 1414 ·
419 1383 468 1458 De
483 1383 617 1458 solariis
634 1385 838 1458 diuersorum
854 1385 1054 1478 reparandis
1071 1395 1103 1458 at
1119 1385 1159 1459 de
1176 1383 1352 1457 saltatione

771 1523 1004 1595 repansorum.

409 1735 444 1810 si
460 1738 583 1810 domus
601 1736 706 1808 habet
724 1737 858 1810 diversa
877 1728 1016 1824 solaria',
1037 1759 1125 1833 quae
1143 1737 1213 1810 sint
1230 1738 1415 1812 hominum
1520 1787 1521 1790 =

362 1853 597 1942 diversorum,
625 1862 660 1927 et
682 1862 811 1928 tentum
830 1857 881 1929 vel
903 1863 1096 1942 astraoum,
1118 1880 1221 1952 supra
1239 1859 1331 1953 quod
1354 1857 1419 1928 ali·

361 1971 443 2065 quid
462 1971 556 2042 aliud
574 1995 643 2043 non
657 1971 702 2043 sit
714 1979 850 2068 praeter
864 1996 990 2058 aerem,
1009 1973 1225 2068 reparatione
1243 1974 1417 2068 indigeat,

345 2084 463 2170 ‚debet
476 2087 633 2183 expensis
647 2086 890 2160 communibus
909 2090 1064 2160 omnium
1084 2088 1342 2184 praedictorum
1364 2097 1418 2162 te-

362 2209 456 2284 otum
476 2203 587 2299 ipsum
603 2203 655 2275 vel
671 2211 844 2274 astraoum
863 2204 1031 2300 reparari:
1053 2203 1144 2298 quod
1164 2205 1192 2274 si
1212 2205 1353 2300 aliquod
1373 2233 1418 2282 ex

362 2320 505 2392 astraois
523 2321 601 2392 aliis
620 2321 836 2416 reparatione
853 2322 1018 2416 indigeat,
1040 2321 1141 2393 debet
1159 2324 1320 2418 expensis
1338 2330 1418 2423 prd-

361 2438 445 2535 priis
463 2438 716 2534 suppeditantis
735 2439 847 2535 ipsum
867 2445 1040 2510 astraoum
1061 2440 1227 2535 reparari.

738 2676 892 2748 Runruua
915 2674 1033 2746 ΧΧΙΙΙ.

673 2910 734 3016 ¹Da
751 2911 854 2984 dorato
872 2921 903 2984 at
919 2913 1088 2985 conducto.

411 3145 543 3241 Siquis
567 3144 772 3217 conduxerit
789 3145 949 3231 domum,
974 3146 1119 3218 fundum
1140 3144 1195 3217 vel
1213 3151 1362 3231 terram,
1384 3154 1422 3218 et

363 3263 493 3358 aliquid
520 3261 567 3333 ibi
592 3261 842 3344 aedificaverit,
869 3263 1123 3348 construxerit,
1144 3285 1206 3334 seu
1226 3263 1421 3334 instituerit

363 3379 559 3452 necessario
585 3378 638 3451 vel
664 3377 810 3465 utiliter,
831 3379 903 3450 siue
921 3379 1077 3466 affixerit,
1099 3379 1197 3451 finito
1215 3379 1420 3452 conductio·

364 3498 419 3568 nis
436 3505 590 3593 tempore
616 3495 669 3569 vel
696 3501 775 3567 ante
801 3496 889 3568 illud
915 3496 1039 3568 tollere
1065 3520 1135 3568 non
1161 3503 1294 3593 potest,
1316 3519 1420 3570 neos

364 3613 504 3686 domino
530 3615 603 3686 sive
629 3612 781 3685 looatore
802 3613 994 3709 impensam
1019 3621 1136 3709 petere
1154 3622 1287 3710 potest:
1309 3615 1370 3686 sed
1388 3613 1417 3685 si

364 3733 488 3805 domus
506 3733 618 3804 iooata
637 3721 1039 3803 necessariareteotione
1060 3732 1226 3826 indigeat,
1250 3738 1284 3804 et
1302 3729 1418 3826 requi-

365 3853 454 3924 situs
480 3849 613 3923 locator
638 3850 679 3922 ab
706 3841 876 3944 inquilino
904 3849 976 3920 suis
1000 3848 1196 3944 sumptibus
1215 3849 1303 3921 illud
1321 3872 1420 3944 repa·

365 3971 434 4040 rari
452 3968 541 4042 infra
560 3967 758 4065 quindecim
778 3966 852 4036 dies
870 3974 949 4061 post
965 3965 1228 4060 requisitionem
1243 3965 1420 4038 distulerit

366 4091 636 4187 reparationem,
657 4097 692 4162 et
709 4087 783 4184 ipse
802 4086 995 4181 inquilinus
1019 4085 1092 4159 suis
1115 4086 1311 4182 sumptibus
1330 4086 1418 4158 iliud
