3098 5218
578 476 824 550 -bOt-·

198 619 311 693 Prima
330 617 364 688 di
378 618 439 688 der
453 616 600 688 termine
614 639 632 686 a
647 625 767 711 questa
783 591 864 690 no‘ra‘
880 617 912 690 ia
929 622 1082 694 mestieri
1098 624 1162 697 abe
1178 625 1208 696 si

150 735 279 810 osserri
297 736 361 809 ahe
378 732 468 829 dopo
486 733 518 804 le
538 732 635 805 detta
650 740 722 804 otto
742 734 993 808 Consuetudini
1010 738 1038 809 si
1054 740 1209 815 rinviune

149 851 183 924 la
201 846 514 926 Consuetudinem
530 849 621 923 bouis
638 851 814 944 quondum,
831 851 911 924 ah'b
930 853 1060 926 l’uniaa
1077 856 1132 928 del
1148 857 1207 928 de-

149 969 334 1042 cimoterzo
358 968 459 1042 titolo
476 964 517 1040 Iu
539 967 656 1062 quibus
678 969 774 1042 rebus
796 969 893 1042 habet
910 971 1015 1044 harum
1031 984 1165 1067 quarta,
1189 997 1208 1046 e

149 1087 214 1162 ohe
233 1110 303 1160 non
320 1089 339 1158 b
356 1085 522 1183 riportsta
542 1085 635 1157 nelle
654 1085 906 1162 consuetudini
924 1088 959 1160 di
978 1069 1207 1178 Surrentum

150 1201 246 1298 quali
276 1202 397 1276 invene
431 1201 634 1298 provvidero
664 1202 696 1280 ai
728 1203 840 1275 diritti
871 1204 963 1276 della
992 1207 1118 1302 meglio
1141 1208 1210 1280 alla

150 1324 273 1412 quarta
297 1341 361 1390 con
387 1318 442 1390 aih
466 1317 531 1390 ehu
548 1317 706 1390 vediamo
731 1319 914 1414 prascritto
933 1320 1211 1398 nullarubriaha

151 1433 250 1506 XLVI
284 1458 302 1507 e
333 1433 447 1507 XLIX.
475 1434 522 1506 La
553 1431 811 1506 consuetudine
843 1438 1048 1533 napoletana
1078 1447 1151 1514 eost
1181 1441 1212 1512 si

152 1550 320 1644 esprirne:
341 1550 381 1622 Ia
404 1549 497 1622 banis
513 1549 678 1643 quandam
696 1552 829 1636 mariti,
855 1554 913 1645 qui
935 1565 1090 1646 quartam
1106 1559 1209 1628 umori
1257 1555 1262 1568 ’

149 1687 230 1738 suae
254 1674 394 1758 tempore
424 1666 588 1736 anatraati
616 1665 823 1736 matrimonii
845 1668 1035 1750 constituit,
1056 1678 1211 1762 quartam

149 1785 256 1876 ipsam
280 1781 377 1854 habet
401 1805 491 1854 naar
516 1793 641 1852 mortua
666 1782 735 1874 ipsa
757 1784 877 1854 marito
895 1783 933 1853 iu
951 1783 1100 1856 amnibus
1117 1785 1212 1858 bouis

149 1900 254 1994 ipsius
276 1899 410 1985 mariti,
432 1896 602 1970 strabona
625 1881 792 1991 ipsa'sunt
809 1898 1050 1986 haereditaria,
1072 1901 1213 1997 barpan-

149 2020 270 2104 satiea,
286 2017 337 2090 uel
352 2038 575 2112 quaecumque
590 2015 661 2088 ahia
677 2016 850 2088 aensuabia
867 2019 905 2088 ia
923 2019 1158 2112 emphyteusim
1176 2023 1215 2092 in

146 2144 343 2230 perpetuum
371 2156 527 2206 aanaessa
555 2134 620 2226 ipsi
648 2131 802 2227 defanata
832 2133 882 2206 uel
908 2136 1213 2226 praedecessoribus

150 2256 245 2339 sais,
274 2275 337 2349 per
361 2275 439 2347 quas
464 2252 509 2324 ud
534 2254 641 2344 ipsum
658 2251 850 2346 defunctum
867 2251 952 2324 bana
969 2255 1042 2346 ipsa
1059 2277 1214 2328 aaueessa

151 2371 283 2466 suerint
299 2371 403 2446 alieni
419 2373 552 2465 ejusque
568 2369 764 2442 haeredibus
781 2371 819 2441 in
832 2379 1048 2464 perpetuum:
1065 2372 1121 2445 ubi
1136 2395 1212 2446 uero

137 2487 237 2560 'baua
261 2491 336 2582 ipsa
365 2510 520 2560 aanaessa
545 2494 623 2558 sunt
648 2485 751 2557 ahiaui
776 2484 841 2558 sibi
862 2488 994 2579 suisque
1016 2489 1212 2560 haeredibus

152 2603 323 2687 masculis,
338 2601 389 2675 reb
405 2602 475 2673 suis
493 2599 688 2672 haeredibus
705 2621 751 2670 era
767 2622 825 2671 sua
842 2622 977 2694 corpore
993 2602 1043 2674 uui
1058 2625 1102 2674 ea
1118 2625 1153 2674 se
1167 2602 1213 2675 he·

151 2724 266 2817 pitime
282 2719 565 2806 descendentibus,
583 2717 635 2790 neh
651 2719 721 2812 ejus
735 2719 1121 2815 praedecessoribus,per
1132 2743 1211 2815 quos
1297 2713 1299 2718 ’

152 2840 197 2912 ad
220 2840 327 2932 ipsum
349 2837 540 2931 defunctum
563 2833 647 2906 bana
664 2836 737 2926 ipsa
750 2836 973 2926 pervenerint,
992 2835 1143 2930 daubins
1161 2835 1215 2909 ba·

151 2958 206 3030 nis
228 2963 351 3049 quarta
372 2953 474 3026 amari
490 2950 643 3034 debatur,
664 2949 740 3020 biaut
757 2951 795 3019 iu
811 2952 1017 3022 aaaaessiane
1034 2952 1107 3044 ipsu
1123 2952 1216 3024 diua·

152 3085 208 3146 tur
222 3076 261 3144 iu
268 3081 476 3167 perpetuum,
491 3069 532 3141 de
545 3067 636 3141 bouis
649 3068 730 3161 ipsis
742 3069 790 3138 sir
805 3068 966 3138 aauaessis
980 3067 1100 3140 mulier
1112 3091 1215 3161 quar·

152 3201 222 3265 tarn
247 3213 314 3262 nou
339 3190 448 3262 habet.
468 3185 534 3260 Sed
563 3189 601 3258 iu
623 3186 716 3259 banis
732 3185 938 3281 feudalibus,
959 3196 991 3257 et
1007 3185 1048 3258 ub
1066 3186 1214 3258 eeclesiis

153 3308 204 3380 uel
219 3308 452 3381 auehesiustiais
464 3305 617 3400 personis
630 3301 880 3397 libellariajure
893 3302 937 3374 ad
949 3324 1083 3374 rausum
1095 3304 1133 3374 ia
1147 3325 1215 3374 em·

150 3425 339 3519 phpteusim
354 3424 404 3497 neh
426 3424 470 3496 ad
486 3423 681 3494 horationem
694 3421 735 3492 ,iu
748 3428 944 3514 perpetuum
959 3418 1009 3491 aab
1026 3420 1070 3492 ud
1087 3428 1212 3512 tempus

155 3546 329 3629 aonaessis,
348 3542 468 3616 mutter
484 3541 641 3614 similiter
656 3548 811 3632 quartam
827 3537 1019 3611 nonhabet.
1090 3532 1093 3544 '

204 3779 260 3874 16)
279 3776 317 3850 P.
338 3779 398 3852 31.
418 3800 451 3852 v.
470 3774 529 3847 et.
550 3767 741 3869 (inquibus
759 3771 855 3844 rebus
872 3773 969 3846 habet
986 3775 1212 3874 harumquar-

156 3898 211 3993 tu)
226 3933 267 3949 ·-
284 3874 311 3970 b]
330 3897 496 3993 riportata
515 3892 772 3964 letteralmente
792 3891 826 3962 in
845 3898 967 3987 questa
985 3892 1122 3969 rubrica
1143 3897 1214 3970 l'n-

157 4017 237 4090 niea
259 4012 518 4091 Consuetudine
544 4009 579 4082 di
603 4008 725 4106 Napnli
751 4011 805 4082 del
830 4010 1093 4107 decimoquarto
1110 4014 1214 4089 titolo

157 4134 205 4206 hbe
215 4137 295 4230 jure
307 4136 441 4231 primae
458 4138 610 4226 quartae.
