3116 5214
781 439 954 512 ..oss..

337 579 404 653 liar
426 580 460 654 in
482 605 544 656 sua
563 583 685 657 ultima
704 582 880 657 voluntate
899 577 1087 663 dimiserit,
1109 577 1322 653 ordinaverit
1341 579 1406 654 vel

339 698 508 794 legaverit
526 700 600 797 ipso
617 702 706 774 viro.

387 814 451 888 Ubi
467 815 530 890 dos
544 803 599 890 est
612 816 647 889 iu
662 839 745 892 casu
759 814 995 890 restitutionis
1008 812 1189 888 faciendae
1202 812 1276 887 sive
1290 835 1310 886 a
1324 835 1405 886 ma-

338 931 424 1017 rito,
444 931 518 1005 eive
536 932 577 1005 ab
599 932 805 1008 haeredibus
830 933 965 1020 mariti,
985 939 1021 1006 et
1037 954 1057 1005 a
1074 931 1231 1028 quolibet
1247 929 1403 1026 alioqui

262 1071 266 1082 ·
339 1054 480 1121 tenetur
496 1051 538 1124 ad
554 1050 811 1125 restitutionem
823 1051 928 1138 dotis,
944 1051 980 1122 in
994 1048 1152 1146 quolibet
1164 1069 1249 1122 casu
1262 1047 1301 1120 fit
1314 1071 1410 1121 oon·

341 1164 516 1240 demnatio
544 1176 581 1242 et
607 1170 743 1244 exactio
769 1169 806 1243 iu
828 1169 1000 1253 solidum,
1027 1190 1097 1240 uon
1123 1165 1283 1240 obstante
1306 1167 1401 1263 lege,

341 1307 431 1379 quae
457 1285 494 1359 iu
512 1285 651 1360 ossibus
669 1287 760 1361 dotis
778 1287 1107 1362 condemnationem
1125 1291 1160 1394 et
1180 1283 1404 1358 exactionem

342 1402 418 1476 fieri
435 1406 511 1479 nult
528 1407 565 1480 iu
582 1413 750 1504 quantum
769 1407 857 1505 ipse,
877 1407 937 1503 qui
955 1406 997 1479 ad
1015 1403 1268 1478 restituendam
1283 1405 1404 1478 dotem

340 1517 452 1615 ipsam
469 1527 625 1611 tenetur,
646 1522 760 1596 lacere
778 1529 908 1619 potest,
929 1521 1046 1596 habita
1065 1523 1200 1594 ratione
1221 1543 1266 1592 ne
1286 1524 1404 1616 egeat.

389 1635 469 1709 Viro
488 1645 638 1726 mortuo,
659 1663 767 1712 uxore
784 1639 985 1734 superstite,
1005 1637 1068 1711 dos
1083 1637 1280 1711 consistens
1295 1636 1330 1707 in
1343 1659 1406 1734 pe·

343 1755 447 1828 cunia
470 1766 506 1828 et
526 1757 623 1830 valor
645 1758 780 1829 oorredi
804 1756 1002 1830 consistens
1028 1755 1186 1839 inaure,
1207 1759 1407 1850 argenteal

259 1922 261 1926 .
343 1870 477 1965 pernis,
503 1873 594 1967 quod
617 1872 803 1946 corredum
827 1895 896 1944 non
918 1877 1076 1967 apparet,
1103 1871 1199 1954 dari,
1229 1871 1318 1945 solvi
1338 1893 1403 1944 seu

342 1987 483 2059 restitui
505 1985 634 2061 debent
656 1989 769 2061 eidem
794 1988 935 2061 mulieri
959 1990 1001 2062 ab
1025 1987 1236 2061 haeredibus
1263 1995 1298 2060 et
1324 1987 1406 2060 aliis

346 2103 610 2178 suecessoribus
633 2105 711 2192 viri,
732 2113 767 2178 et
783 2104 875 2192 aliis,
893 2105 952 2200 qui
971 2111 1135 2177 tenentur
1152 2103 1194 2174 ad
1213 2103 1407 2176 restitutio·

346 2246 439 2310 nom,
450 2223 538 2296 inlra
553 2248 682 2298 annum
697 2249 716 2296 a
730 2225 786 2298 die
800 2225 908 2298 soluti
923 2223 1148 2296 matrimonii.
1159 2222 1403 2318 Haeredesque

346 2342 463 2412 mariti
481 2345 610 2414 mortui
626 2343 747 2437 primis
764 2365 825 2414 sex
841 2341 1018 2415 mensibus
1036 2365 1055 2412 a
1074 2348 1184 2413 morte
1201 2340 1312 2437 ipsius
1331 2363 1405 2413 ma·

346 2460 404 2532 riti
419 2462 673 2558 computandis,
683 2461 713 2532 si
729 2460 861 2544 luerint
874 2460 974 2532 liberi
988 2477 1206 2547 communes,
1217 2466 1404 2532 teneantur

347 2579 457 2674 ipsam
475 2578 587 2665 alere,
608 2580 668 2652 sed
687 2578 867 2652 dictis'sex
882 2578 1060 2651 mensibus
1074 2577 1200 2674 elapsis
1214 2583 1402 2649 teneantur

347 2695 428 2768 dare
447 2694 511 2791 ipsi
527 2694 664 2768 mulieri
683 2702 843 2768 tareuum
864 2717 971 2766 unum
987 2717 1047 2790 pro
1062 2693 1239 2765 alimentis
1255 2692 1329 2765 suis
1343 2714 1406 2788 pro

348 2814 506 2909 qualibet
527 2814 630 2886 uncia
656 2813 733 2886 auri
757 2815 835 2885 data
859 2809 894 2884 in
914 2814 1029 2885 dotem
1050 2813 1219 2906 usquead
1238 2811 1325 2882 elios
1345 2833 1406 2882 sex

347 2954 485 3004 menses
509 2932 722 3028 completos;
748 2938 784 3003 et
806 2931 849 3002 ad
866 2930 1026 3002 eamdem
1048 2916 1218 3001 rationem
1244 2926 1407 3000 similiter

348 3048 484 3122 solvant
500 3071 560 3147 pro
578 3047 752 3120 alimentis
770 3047 959 3145 praedictis
977 3045 1116 3119 mulieri
1128 3046 1325 3142 praedictae
1346 3065 1407 3139 pro

350 3175 522 3264 tempore,
538 3190 606 3262 quo
621 3173 699 3263 post
711 3189 839 3237 annum
853 3163 1067 3260 praedictum
1081 3162 1294 3258 completum
1309 3161 1407 3233 dotes

350 3286 444 3380 ipsas
462 3285 543 3356 dare
562 3282 773 3355 distulerint.
794 3280 837 3352 lot
854 3280 946 3351 idem
961 3279 1168 3352 servandum
1181 3283 1235 3350 est
1247 3279 1277 3348 si
1290 3301 1411 3374 super·

351 3403 422 3474 siut
443 3423 646 3474 communes
665 3399 784 3487 liberi,
806 3406 841 3473 et
858 3398 985 3470 mulier
1003 3397 1092 3469 nolit
1107 3401 1185 3494 post
1201 3395 1331 3492 primos
1348 3418 1407 3469 sex

352 3525 489 3592 menses
513 3519 560 3592 ali
584 3542 604 3592 a
630 3517 732 3592 dictis
755 3514 893 3600 liberis,
914 3514 995 3608 quia
1018 3518 1182 3586 tenentur
1203 3513 1269 3610 ipsi
1294 3511 1406 3598 liberi,

350 3637 443 3710 siout
460 3645 495 3711 et
512 3634 686 3718 extranei,
707 3631 920 3730 quibuslibet
936 3652 996 3702 sex
1012 3627 1203 3716 mensibus,
1224 3628 1352 3724 quibus
1368 3645 1407 3700 ex

352 3767 437 3830 tuno
448 3755 704 3828 restitutionem
723 3751 856 3823 dotium
874 3747 1089 3835 distulerint,
1106 3748 1188 3818 dare
1205 3746 1318 3820 dictae
1334 3767 1410 3832 mu·

355 3880 430 3952 lieri
448 3901 510 3976 pro
524 3875 700 3950 alimentis
717 3871 792 3945 suis
808 3879 966 3944 tarenum
981 3891 1089 3942 unum
1104 3890 1165 3964 pro
1178 3867 1335 3962 qualibet
1348 3889 1411 3938 un·

354 3999 409 4070 oia
428 3998 574 4070 dotium.
596 3993 646 4066 lta
665 3992 756 4088 quod
773 4012 834 4088 per
847 3991 926 4075 hoo,
942 3987 1090 4062 muliere
1104 3985 1226 4072 iuvita,
1243 3983 1409 4056 haeredes
1500 4067 1507 4085 ἱ

356 4114 470 4189 mariti
493 4119 571 4212 post
593 4133 723 4198 anuum
746 4107 1001 4181 restitutionem
1026 4101 1161 4178 dotium
1184 4099 1324 4175 differre
1342 4123 1409 4176 uon
