<?xml version="1.0" encoding="UTF-8"?>
<!DOCTYPE html PUBLIC "-//W3C//DTD XHTML 1.0 Transitional//EN"
    "http://www.w3.org/TR/xhtml1/DTD/xhtml1-transitional.dtd">
<html xmlns="http://www.w3.org/1999/xhtml" xml:lang="en" lang="en">
 <head>
  <title>
</title>
<meta http-equiv="Content-Type" content="text/html;charset=utf-8" />
  <meta name='ocr-system' content='tesseract 3.04.00' />
  <meta name='ocr-capabilities' content='ocr_page ocr_carea ocr_par ocr_line ocrx_word'/>
</head>
<body>
  <div class='ocr_page' id='page_1' title='image "./leconsuetudinid00volpgoog_0076.png"; bbox 0 0 3098 5218; ppageno 0'>
   <div class='ocr_carea' id='block_1_1' title="bbox 47 587 1256 3732">
    <p class='ocr_par' dir='ltr' id='par_1_1' title="bbox 126 587 1180 1019">
     <span class='ocr_line' id='line_1_1' title="bbox 127 587 1180 690; baseline 0.004 -25"><span class='ocrx_word' id='word_1_1' title='bbox 127 593 184 688; x_wconf 93' lang='lat' dir='ltr'><strong>qui</strong></span> <span class='ocrx_word' id='word_1_2' title='bbox 210 597 293 667; x_wconf 91' lang='lat' dir='ltr'><strong>sunt</strong></span> <span class='ocrx_word' id='word_1_3' title='bbox 315 591 390 664; x_wconf 88' lang='lat' dir='ltr'><strong>auri</strong></span> <span class='ocrx_word' id='word_1_4' title='bbox 413 596 508 677; x_wconf 89' lang='lat' dir='ltr'><strong>octo,</strong></span> <span class='ocrx_word' id='word_1_5' title='bbox 527 588 583 662; x_wconf 89' lang='lat' dir='ltr'><strong>vel</strong></span> <span class='ocrx_word' id='word_1_6' title='bbox 607 588 758 661; x_wconf 90' lang='lat' dir='ltr'><strong>clamare</strong></span> <span class='ocrx_word' id='word_1_7' title='bbox 777 587 869 690; x_wconf 87' lang='lat' dir='ltr'><strong>dicto</strong></span> <span class='ocrx_word' id='word_1_8' title='bbox 889 593 1031 669; x_wconf 91' lang='lat' dir='ltr'><strong>domino</strong></span> <span class='ocrx_word' id='word_1_9' title='bbox 1052 597 1180 670; x_wconf 84' lang='lat' dir='ltr'><strong>dictam</strong></span> 
     </span>
     <span class='ocr_line' id='line_1_2' title="bbox 126 707 1179 808; baseline 0.005 -26"><span class='ocrx_word' id='word_1_10' title='bbox 126 717 253 782; x_wconf 86' lang='lat' dir='ltr'><strong>terram</strong></span> <span class='ocrx_word' id='word_1_11' title='bbox 271 711 423 806; x_wconf 77' lang='lat' dir='ltr'><strong>quietam</strong></span> <span class='ocrx_word' id='word_1_12' title='bbox 442 715 477 781; x_wconf 91' lang='lat' dir='ltr'><strong>et</strong></span> <span class='ocrx_word' id='word_1_13' title='bbox 493 707 686 780; x_wconf 79' lang='lat' dir='ltr'><strong>absolutam</strong></span> <span class='ocrx_word' id='word_1_14' title='bbox 705 709 830 782; x_wconf 88' lang='lat' dir='ltr'><strong>edicto</strong></span> <span class='ocrx_word' id='word_1_15' title='bbox 843 710 997 808; x_wconf 79' lang='lat' dir='ltr'><strong>colligio,</strong></span> <span class='ocrx_word' id='word_1_16' title='bbox 1014 720 1049 786; x_wconf 88' lang='lat' dir='ltr'><strong>et</strong></span> <span class='ocrx_word' id='word_1_17' title='bbox 1064 713 1179 787; x_wconf 85' lang='lat' dir='ltr'><strong>lacere</strong></span> 
     </span>
     <span class='ocr_line' id='line_1_3' title="bbox 126 823 1179 922; baseline 0.006 -25"><span class='ocrx_word' id='word_1_18' title='bbox 126 825 250 900; x_wconf 83' lang='lat' dir='ltr'>exinde</span> <span class='ocrx_word' id='word_1_19' title='bbox 274 827 348 900; x_wconf 86' lang='lat' dir='ltr'><strong>fieri</strong></span> <span class='ocrx_word' id='word_1_20' title='bbox 372 825 642 899; x_wconf 78' lang='lat' dir='ltr'><strong>instrumentum</strong></span> <span class='ocrx_word' id='word_1_21' title='bbox 665 823 844 922; x_wconf 91' lang='lat' dir='ltr'><strong>publicum</strong></span> <span class='ocrx_word' id='word_1_22' title='bbox 868 827 911 898; x_wconf 93' lang='lat' dir='ltr'><strong>ad</strong></span> <span class='ocrx_word' id='word_1_23' title='bbox 928 829 1100 903; x_wconf 82' lang='lat' dir='ltr'><strong>cautelam</strong></span> <span class='ocrx_word' id='word_1_24' title='bbox 1119 829 1179 903; x_wconf 91' lang='lat' dir='ltr'><strong>do·</strong></span> 
     </span>
     <span class='ocr_line' id='line_1_4' title="bbox 126 941 806 1019; baseline 0.009 -6"><span class='ocrx_word' id='word_1_25' title='bbox 126 941 211 1013; x_wconf 90' lang='lat' dir='ltr'><strong>mini</strong></span> <span class='ocrx_word' id='word_1_26' title='bbox 230 942 344 1016; x_wconf 90' lang='lat' dir='ltr'><strong>dictae</strong></span> <span class='ocrx_word' id='word_1_27' title='bbox 361 947 489 1015; x_wconf 89' lang='lat' dir='ltr'><strong>terrae.</strong></span> <span class='ocrx_word' id='word_1_28' title='bbox 804 1009 806 1019; x_wconf 82' lang='grc'>,</span> 
     </span>
    </p>

    <p class='ocr_par' dir='ltr' id='par_1_2' title="bbox 122 1053 1256 2650">
     <span class='ocr_line' id='line_1_5' title="bbox 173 1053 1256 1156; baseline 0.004 -26"><span class='ocrx_word' id='word_1_29' title='bbox 173 1057 270 1146; x_wconf 78' lang='lat' dir='ltr'><strong>Quod</strong></span> <span class='ocrx_word' id='word_1_30' title='bbox 289 1057 318 1130; x_wconf 90' lang='lat' dir='ltr'><strong>si</strong></span> <span class='ocrx_word' id='word_1_31' title='bbox 334 1056 411 1152; x_wconf 92' lang='lat' dir='ltr'><strong>quis</strong></span> <span class='ocrx_word' id='word_1_32' title='bbox 426 1057 528 1130; x_wconf 90' lang='lat' dir='ltr'><strong>bomo</strong></span> <span class='ocrx_word' id='word_1_33' title='bbox 542 1053 647 1127; x_wconf 89' lang='lat' dir='ltr'><strong>habet</strong></span> <span class='ocrx_word' id='word_1_34' title='bbox 659 1053 810 1150; x_wconf 88' lang='lat' dir='ltr'><strong>aliquam</strong></span> <span class='ocrx_word' id='word_1_35' title='bbox 824 1061 950 1130; x_wconf 89' lang='lat' dir='ltr'><strong>terram</strong></span> <span class='ocrx_word' id='word_1_36' title='bbox 963 1081 1043 1132; x_wconf 92' lang='lat' dir='ltr'><strong>cum</strong></span> <span class='ocrx_word' id='word_1_37' title='bbox 1065 1058 1180 1156; x_wconf 90' lang='lat' dir='ltr'><strong>aliquo</strong></span> <span class='ocrx_word' id='word_1_38' title='bbox 1254 1075 1256 1080; x_wconf 87' lang='grc'><strong>’</strong></span> 
     </span>
     <span class='ocr_line' id='line_1_6' title="bbox 125 1169 1179 1268; baseline 0.002 -23"><span class='ocrx_word' id='word_1_39' title='bbox 125 1173 266 1245; x_wconf 89' lang='lat' dir='ltr'><strong>bomine</strong></span> <span class='ocrx_word' id='word_1_40' title='bbox 289 1172 332 1244; x_wconf 91' lang='lat' dir='ltr'><strong>de</strong></span> <span class='ocrx_word' id='word_1_41' title='bbox 355 1173 523 1248; x_wconf 81' lang='lat' dir='ltr'><strong>Surrento</strong></span> <span class='ocrx_word' id='word_1_42' title='bbox 547 1170 583 1244; x_wconf 95' lang='lat' dir='ltr'><strong>iu</strong></span> <span class='ocrx_word' id='word_1_43' title='bbox 605 1169 764 1265; x_wconf 85' lang='lat' dir='ltr'><strong>colligic,</strong></span> <span class='ocrx_word' id='word_1_44' title='bbox 785 1177 820 1242; x_wconf 91' lang='lat' dir='ltr'><strong>et</strong></span> <span class='ocrx_word' id='word_1_45' title='bbox 837 1171 908 1268; x_wconf 88' lang='lat' dir='ltr'><strong>ipso</strong></span> <span class='ocrx_word' id='word_1_46' title='bbox 928 1173 1030 1246; x_wconf 93' lang='lat' dir='ltr'><strong>bomo</strong></span> <span class='ocrx_word' id='word_1_47' title='bbox 1053 1175 1088 1246; x_wconf 94' lang='lat' dir='ltr'><strong>in</strong></span> <span class='ocrx_word' id='word_1_48' title='bbox 1109 1175 1179 1247; x_wconf 89' lang='lat' dir='ltr'><strong>vita</strong></span> 
     </span>
     <span class='ocr_line' id='line_1_7' title="bbox 126 1271 1250 1387; baseline 0.003 -24"><span class='ocrx_word' id='word_1_49' title='bbox 126 1314 207 1379; x_wconf 88' lang='lat' dir='ltr'><strong>sua,</strong></span> <span class='ocrx_word' id='word_1_50' title='bbox 226 1291 283 1366; x_wconf 85' lang='lat' dir='ltr'><strong>uel</strong></span> <span class='ocrx_word' id='word_1_51' title='bbox 305 1291 410 1366; x_wconf 90' lang='lat' dir='ltr'><strong>ctiam</strong></span> <span class='ocrx_word' id='word_1_52' title='bbox 434 1297 511 1387; x_wconf 89' lang='lat' dir='ltr'><strong>post</strong></span> <span class='ocrx_word' id='word_1_53' title='bbox 533 1297 679 1362; x_wconf 89' lang='lat' dir='ltr'><strong>mortem</strong></span> <span class='ocrx_word' id='word_1_54' title='bbox 698 1313 798 1364; x_wconf 90' lang='lat' dir='ltr'><strong>suam</strong></span> <span class='ocrx_word' id='word_1_55' title='bbox 817 1289 879 1363; x_wconf 81' lang='lat' dir='ltr'><strong>ulii</strong></span> <span class='ocrx_word' id='word_1_56' title='bbox 897 1291 951 1365; x_wconf 85' lang='lat' dir='ltr'><strong>sui</strong></span> <span class='ocrx_word' id='word_1_57' title='bbox 969 1301 1108 1366; x_wconf 85' lang='lat' dir='ltr'><strong>cessant</strong></span> <span class='ocrx_word' id='word_1_58' title='bbox 1124 1317 1180 1366; x_wconf 90' lang='lat' dir='ltr'><strong>re·</strong></span> <span class='ocrx_word' id='word_1_59' title='bbox 1247 1271 1250 1278; x_wconf 41' lang='grc'>’</span> 
     </span>
     <span class='ocr_line' id='line_1_8' title="bbox 126 1407 1181 1504; baseline 0.002 -23"><span class='ocrx_word' id='word_1_60' title='bbox 126 1408 296 1504; x_wconf 92' lang='lat' dir='ltr'><strong>spondere</strong></span> <span class='ocrx_word' id='word_1_61' title='bbox 320 1407 477 1493; x_wconf 88' lang='lat' dir='ltr'><strong>domino,</strong></span> <span class='ocrx_word' id='word_1_62' title='bbox 498 1409 599 1503; x_wconf 80' lang='lat' dir='ltr'><strong>eujus</strong></span> <span class='ocrx_word' id='word_1_63' title='bbox 621 1410 676 1478; x_wconf 90' lang='lat' dir='ltr'><strong>est</strong></span> <span class='ocrx_word' id='word_1_64' title='bbox 697 1415 787 1480; x_wconf 88' lang='lat' dir='ltr'><strong>terra</strong></span> <span class='ocrx_word' id='word_1_65' title='bbox 809 1409 1002 1502; x_wconf 87' lang='lat' dir='ltr'><strong>praedicta,</strong></span> <span class='ocrx_word' id='word_1_66' title='bbox 1021 1433 1063 1482; x_wconf 86' lang='lat' dir='ltr'><strong>ex</strong></span> <span class='ocrx_word' id='word_1_67' title='bbox 1089 1410 1181 1484; x_wconf 89' lang='lat' dir='ltr'><strong>dicta</strong></span> 
     </span>
     <span class='ocr_line' id='line_1_9' title="bbox 126 1521 1181 1619; baseline -0.001 -19"><span class='ocrx_word' id='word_1_68' title='bbox 126 1537 218 1600; x_wconf 88' lang='lat' dir='ltr'><strong>terra</strong></span> <span class='ocrx_word' id='word_1_69' title='bbox 236 1526 278 1598; x_wconf 90' lang='lat' dir='ltr'><strong>de</strong></span> <span class='ocrx_word' id='word_1_70' title='bbox 292 1523 474 1609; x_wconf 81' lang='lat' dir='ltr'><strong>fructibus,</strong></span> <span class='ocrx_word' id='word_1_71' title='bbox 492 1521 685 1597; x_wconf 79' lang='lat' dir='ltr'><strong>redditibus</strong></span> <span class='ocrx_word' id='word_1_72' title='bbox 700 1529 734 1594; x_wconf 91' lang='lat' dir='ltr'><strong>et</strong></span> <span class='ocrx_word' id='word_1_73' title='bbox 747 1524 969 1619; x_wconf 71' lang='lat' dir='ltr'><strong>proventibus</strong></span> <span class='ocrx_word' id='word_1_74' title='bbox 984 1525 1096 1598; x_wconf 88' lang='lat' dir='ltr'><strong>dictae</strong></span> <span class='ocrx_word' id='word_1_75' title='bbox 1113 1534 1181 1598; x_wconf 91' lang='lat' dir='ltr'><strong>ter-</strong></span> 
     </span>
     <span class='ocr_line' id='line_1_10' title="bbox 126 1639 1179 1738; baseline 0 -24"><span class='ocrx_word' id='word_1_76' title='bbox 126 1665 183 1714; x_wconf 90' lang='lat' dir='ltr'><strong>rae</strong></span> <span class='ocrx_word' id='word_1_77' title='bbox 201 1664 263 1738; x_wconf 88' lang='lat' dir='ltr'><strong>per</strong></span> <span class='ocrx_word' id='word_1_78' title='bbox 280 1639 479 1727; x_wconf 87' lang='lat' dir='ltr'><strong>biennium,</strong></span> <span class='ocrx_word' id='word_1_79' title='bbox 500 1645 536 1711; x_wconf 89' lang='lat' dir='ltr'><strong>et</strong></span> <span class='ocrx_word' id='word_1_80' title='bbox 553 1639 716 1712; x_wconf 89' lang='lat' dir='ltr'><strong>dominus</strong></span> <span class='ocrx_word' id='word_1_81' title='bbox 735 1641 880 1735; x_wconf 88' lang='lat' dir='ltr'><strong>requirit</strong></span> <span class='ocrx_word' id='word_1_82' title='bbox 896 1664 1012 1714; x_wconf 87' lang='lat' dir='ltr'><strong>coram</strong></span> <span class='ocrx_word' id='word_1_83' title='bbox 1033 1642 1179 1714; x_wconf 86' lang='lat' dir='ltr'><strong>testibus</strong></span> 
     </span>
     <span class='ocr_line' id='line_1_11' title="bbox 124 1755 1179 1856; baseline 0.002 -25"><span class='ocrx_word' id='word_1_84' title='bbox 124 1759 346 1856; x_wconf 87' lang='lat' dir='ltr'><strong>partiarium,</strong></span> <span class='ocrx_word' id='word_1_85' title='bbox 369 1758 460 1854; x_wconf 93' lang='lat' dir='ltr'><strong>quod</strong></span> <span class='ocrx_word' id='word_1_86' title='bbox 485 1756 692 1853; x_wconf 86' lang='lat' dir='ltr'><strong>respoudeat</strong></span> <span class='ocrx_word' id='word_1_87' title='bbox 715 1755 781 1829; x_wconf 92' lang='lat' dir='ltr'><strong>sibi</strong></span> <span class='ocrx_word' id='word_1_88' title='bbox 805 1757 847 1829; x_wconf 92' lang='lat' dir='ltr'><strong>de</strong></span> <span class='ocrx_word' id='word_1_89' title='bbox 873 1756 1043 1832; x_wconf 88' lang='lat' dir='ltr'><strong>lructibus</strong></span> <span class='ocrx_word' id='word_1_90' title='bbox 1067 1758 1179 1833; x_wconf 89' lang='lat' dir='ltr'><strong>diotae</strong></span> 
     </span>
     <span class='ocr_line' id='line_1_12' title="bbox 127 1874 1181 1972; baseline 0.002 -25"><span class='ocrx_word' id='word_1_91' title='bbox 127 1884 241 1948; x_wconf 89' lang='lat' dir='ltr'><strong>terrae</strong></span> <span class='ocrx_word' id='word_1_92' title='bbox 259 1876 348 1948; x_wconf 90' lang='lat' dir='ltr'><strong>iulra</strong></span> <span class='ocrx_word' id='word_1_93' title='bbox 362 1875 438 1948; x_wconf 91' lang='lat' dir='ltr'><strong>dies</strong></span> <span class='ocrx_word' id='word_1_94' title='bbox 452 1874 666 1971; x_wconf 89' lang='lat' dir='ltr'><strong>quindecim,</strong></span> <span class='ocrx_word' id='word_1_95' title='bbox 685 1875 776 1971; x_wconf 91' lang='lat' dir='ltr'><strong>quod</strong></span> <span class='ocrx_word' id='word_1_96' title='bbox 791 1875 908 1972; x_wconf 90' lang='lat' dir='ltr'><strong>elapso</strong></span> <span class='ocrx_word' id='word_1_97' title='bbox 921 1876 1014 1948; x_wconf 89' lang='lat' dir='ltr'><strong>dicto</strong></span> <span class='ocrx_word' id='word_1_98' title='bbox 1032 1877 1181 1949; x_wconf 87' lang='lat' dir='ltr'><strong>termino</strong></span> 
     </span>
     <span class='ocr_line' id='line_1_13' title="bbox 125 1992 1180 2090; baseline 0.001 -26"><span class='ocrx_word' id='word_1_99' title='bbox 125 1994 198 2090; x_wconf 91' lang='lat' dir='ltr'><strong>ipse</strong></span> <span class='ocrx_word' id='word_1_100' title='bbox 221 1999 318 2090; x_wconf 86' lang='lat' dir='ltr'><strong>pater</strong></span> <span class='ocrx_word' id='word_1_101' title='bbox 340 1993 395 2068; x_wconf 86' lang='lat' dir='ltr'><strong>vel</strong></span> <span class='ocrx_word' id='word_1_102' title='bbox 422 1993 485 2066; x_wconf 86' lang='lat' dir='ltr'><strong>filii</strong></span> <span class='ocrx_word' id='word_1_103' title='bbox 510 1992 565 2066; x_wconf 92' lang='lat' dir='ltr'><strong>sui</strong></span> <span class='ocrx_word' id='word_1_104' title='bbox 588 1993 725 2072; x_wconf 87' lang='lat' dir='ltr'><strong>uulldm</strong></span> <span class='ocrx_word' id='word_1_105' title='bbox 738 1997 795 2090; x_wconf 89' lang='lat' dir='ltr'><strong>jus</strong></span> <span class='ocrx_word' id='word_1_106' title='bbox 811 1994 962 2066; x_wconf 89' lang='lat' dir='ltr'><strong>habeant</strong></span> <span class='ocrx_word' id='word_1_107' title='bbox 979 1995 1033 2068; x_wconf 87' lang='lat' dir='ltr'><strong>vel</strong></span> <span class='ocrx_word' id='word_1_108' title='bbox 1055 1995 1180 2067; x_wconf 81' lang='lat' dir='ltr'><strong>babere</strong></span> 
     </span>
     <span class='ocr_line' id='line_1_14' title="bbox 122 2108 1181 2205; baseline -0.001 -24"><span class='ocrx_word' id='word_1_109' title='bbox 122 2109 258 2205; x_wconf 88' lang='lat' dir='ltr'><strong>possint</strong></span> <span class='ocrx_word' id='word_1_110' title='bbox 281 2109 318 2182; x_wconf 92' lang='lat' dir='ltr'><strong>in</strong></span> <span class='ocrx_word' id='word_1_111' title='bbox 341 2109 432 2182; x_wconf 87' lang='lat' dir='ltr'><strong>dicta</strong></span> <span class='ocrx_word' id='word_1_112' title='bbox 455 2115 546 2181; x_wconf 90' lang='lat' dir='ltr'><strong>terra</strong></span> <span class='ocrx_word' id='word_1_113' title='bbox 564 2108 697 2181; x_wconf 90' lang='lat' dir='ltr'><strong>ratione</strong></span> <span class='ocrx_word' id='word_1_114' title='bbox 715 2109 799 2182; x_wconf 90' lang='lat' dir='ltr'><strong>dicti</strong></span> <span class='ocrx_word' id='word_1_115' title='bbox 818 2109 950 2204; x_wconf 82' lang='lat' dir='ltr'><strong>colligii</strong></span> <span class='ocrx_word' id='word_1_116' title='bbox 970 2117 1039 2181; x_wconf 90' lang='lat' dir='ltr'><strong>tam</strong></span> <span class='ocrx_word' id='word_1_117' title='bbox 1062 2116 1181 2182; x_wconf 91' lang='lat' dir='ltr'><strong>contra</strong></span> 
     </span>
     <span class='ocr_line' id='line_1_15' title="bbox 122 2223 1179 2320; baseline -0.002 -24"><span class='ocrx_word' id='word_1_118' title='bbox 122 2223 305 2296; x_wconf 92' lang='lat' dir='ltr'><strong>dominum</strong></span> <span class='ocrx_word' id='word_1_119' title='bbox 328 2231 440 2296; x_wconf 89' lang='lat' dir='ltr'><strong>terrae</strong></span> <span class='ocrx_word' id='word_1_120' title='bbox 466 2224 679 2320; x_wconf 86' lang='lat' dir='ltr'><strong>praedictae,</strong></span> <span class='ocrx_word' id='word_1_121' title='bbox 707 2231 778 2296; x_wconf 92' lang='lat' dir='ltr'><strong>tam</strong></span> <span class='ocrx_word' id='word_1_122' title='bbox 802 2225 905 2295; x_wconf 90' lang='lat' dir='ltr'><strong>etiam</strong></span> <span class='ocrx_word' id='word_1_123' title='bbox 925 2233 1045 2295; x_wconf 89' lang='lat' dir='ltr'><strong>contra</strong></span> <span class='ocrx_word' id='word_1_124' title='bbox 1074 2224 1179 2295; x_wconf 89' lang='lat' dir='ltr'><strong>alium</strong></span> 
     </span>
     <span class='ocr_line' id='line_1_16' title="bbox 122 2337 1181 2436; baseline -0.002 -23"><span class='ocrx_word' id='word_1_125' title='bbox 122 2339 320 2427; x_wconf 91' lang='lat' dir='ltr'><strong>bominem,</strong></span> <span class='ocrx_word' id='word_1_126' title='bbox 340 2339 398 2435; x_wconf 93' lang='lat' dir='ltr'><strong>qui</strong></span> <span class='ocrx_word' id='word_1_127' title='bbox 418 2337 505 2413; x_wconf 84' lang='lat' dir='ltr'><strong>forte</strong></span> <span class='ocrx_word' id='word_1_128' title='bbox 523 2339 759 2436; x_wconf 86' lang='lat' dir='ltr'><strong>respondisset</strong></span> <span class='ocrx_word' id='word_1_129' title='bbox 775 2339 915 2412; x_wconf 88' lang='lat' dir='ltr'><strong>domino</strong></span> <span class='ocrx_word' id='word_1_130' title='bbox 934 2340 1046 2411; x_wconf 89' lang='lat' dir='ltr'><strong>dictae</strong></span> <span class='ocrx_word' id='word_1_131' title='bbox 1070 2347 1181 2411; x_wconf 89' lang='lat' dir='ltr'><strong>terrae</strong></span> 
     </span>
     <span class='ocr_line' id='line_1_17' title="bbox 122 2454 1182 2552; baseline -0.002 -22"><span class='ocrx_word' id='word_1_132' title='bbox 122 2459 168 2530; x_wconf 92' lang='lat' dir='ltr'><strong>dc</strong></span> <span class='ocrx_word' id='word_1_133' title='bbox 186 2454 372 2544; x_wconf 81' lang='lat' dir='ltr'><strong>fructibus,</strong></span> <span class='ocrx_word' id='word_1_134' title='bbox 386 2455 579 2530; x_wconf 90' lang='lat' dir='ltr'><strong>redditibus</strong></span> <span class='ocrx_word' id='word_1_135' title='bbox 592 2463 627 2530; x_wconf 90' lang='lat' dir='ltr'><strong>et</strong></span> <span class='ocrx_word' id='word_1_136' title='bbox 639 2455 862 2552; x_wconf 85' lang='lat' dir='ltr'><strong>proventibus</strong></span> <span class='ocrx_word' id='word_1_137' title='bbox 879 2461 1054 2550; x_wconf 87' lang='lat' dir='ltr'><strong>tamquam</strong></span> <span class='ocrx_word' id='word_1_138' title='bbox 1077 2457 1182 2552; x_wconf 90' lang='lat' dir='ltr'><strong>parti·</strong></span> 
     </span>
     <span class='ocr_line' id='line_1_18' title="bbox 123 2576 491 2650; baseline -0.014 0"><span class='ocrx_word' id='word_1_139' title='bbox 123 2578 220 2650; x_wconf 88' lang='lat' dir='ltr'><strong>arius</strong></span> <span class='ocrx_word' id='word_1_140' title='bbox 237 2576 350 2649; x_wconf 87' lang='lat' dir='ltr'><strong>diotae</strong></span> <span class='ocrx_word' id='word_1_141' title='bbox 364 2579 491 2646; x_wconf 88' lang='lat' dir='ltr'><strong>terrae.</strong></span> 
     </span>
    </p>

    <p class='ocr_par' dir='ltr' id='par_1_3' title="bbox 47 2679 1182 3732">
     <span class='ocr_line' id='line_1_19' title="bbox 173 2679 1181 2787; baseline -0.007 -20"><span class='ocrx_word' id='word_1_142' title='bbox 173 2693 317 2782; x_wconf 80' lang='lat' dir='ltr'><strong>Quodsi</strong></span> <span class='ocrx_word' id='word_1_143' title='bbox 335 2691 462 2787; x_wconf 88' lang='lat' dir='ltr'><strong>aliquis</strong></span> <span class='ocrx_word' id='word_1_144' title='bbox 476 2691 579 2762; x_wconf 93' lang='lat' dir='ltr'><strong>homo</strong></span> <span class='ocrx_word' id='word_1_145' title='bbox 596 2690 728 2764; x_wconf 89' lang='lat' dir='ltr'><strong>detinet</strong></span> <span class='ocrx_word' id='word_1_146' title='bbox 746 2691 895 2785; x_wconf 90' lang='lat' dir='ltr'><strong>aliquam</strong></span> <span class='ocrx_word' id='word_1_147' title='bbox 916 2697 1043 2760; x_wconf 90' lang='lat' dir='ltr'><strong>terram</strong></span> <span class='ocrx_word' id='word_1_148' title='bbox 1059 2679 1093 2760; x_wconf 86' lang='lat' dir='ltr'><strong>ib</strong></span> <span class='ocrx_word' id='word_1_149' title='bbox 1110 2690 1181 2762; x_wconf 91' lang='lat' dir='ltr'><strong>col-</strong></span> 
     </span>
     <span class='ocr_line' id='line_1_20' title="bbox 122 2793 1180 2910; baseline -0.004 -25"><span class='ocrx_word' id='word_1_150' title='bbox 122 2812 208 2910; x_wconf 81' lang='lat' dir='ltr'><strong>ligio</strong></span> <span class='ocrx_word' id='word_1_151' title='bbox 231 2835 310 2886; x_wconf 89' lang='lat' dir='ltr'><strong>cum</strong></span> <span class='ocrx_word' id='word_1_152' title='bbox 334 2811 451 2906; x_wconf 87' lang='lat' dir='ltr'><strong>aliquo</strong></span> <span class='ocrx_word' id='word_1_153' title='bbox 470 2793 610 2881; x_wconf 84' lang='lat' dir='ltr'><strong>homine</strong></span> <span class='ocrx_word' id='word_1_154' title='bbox 634 2808 677 2880; x_wconf 92' lang='lat' dir='ltr'><strong>de</strong></span> <span class='ocrx_word' id='word_1_155' title='bbox 696 2809 881 2894; x_wconf 90' lang='lat' dir='ltr'><strong>Surrento,</strong></span> <span class='ocrx_word' id='word_1_156' title='bbox 903 2816 938 2880; x_wconf 90' lang='lat' dir='ltr'><strong>et</strong></span> <span class='ocrx_word' id='word_1_157' title='bbox 955 2814 1069 2880; x_wconf 86' lang='lat' dir='ltr'><strong>cessat</strong></span> <span class='ocrx_word' id='word_1_158' title='bbox 1086 2807 1180 2881; x_wconf 89' lang='lat' dir='ltr'><strong>labo·</strong></span> 
     </span>
     <span class='ocr_line' id='line_1_21' title="bbox 123 2926 1176 3023; baseline -0.003 -19"><span class='ocrx_word' id='word_1_159' title='bbox 123 2955 201 3004; x_wconf 91' lang='lat' dir='ltr'><strong>rare</strong></span> <span class='ocrx_word' id='word_1_160' title='bbox 225 2953 320 3018; x_wconf 90' lang='lat' dir='ltr'><strong>eam,</strong></span> <span class='ocrx_word' id='word_1_161' title='bbox 348 2935 383 3002; x_wconf 90' lang='lat' dir='ltr'><strong>et</strong></span> <span class='ocrx_word' id='word_1_162' title='bbox 404 2926 520 3002; x_wconf 90' lang='lat' dir='ltr'><strong>colere</strong></span> <span class='ocrx_word' id='word_1_163' title='bbox 545 2936 580 3000; x_wconf 86' lang='lat' dir='ltr'><strong>et</strong></span> <span class='ocrx_word' id='word_1_164' title='bbox 594 2928 661 3000; x_wconf 90' lang='lat' dir='ltr'><strong>ooli</strong></span> <span class='ocrx_word' id='word_1_165' title='bbox 681 2927 795 3001; x_wconf 87' lang='lat' dir='ltr'><strong>lacere</strong></span> <span class='ocrx_word' id='word_1_166' title='bbox 813 2929 899 3000; x_wconf 92' lang='lat' dir='ltr'><strong>bene</strong></span> <span class='ocrx_word' id='word_1_167' title='bbox 924 2935 959 2999; x_wconf 91' lang='lat' dir='ltr'><strong>et</strong></span> <span class='ocrx_word' id='word_1_168' title='bbox 981 2928 1176 3023; x_wconf 81' lang='lat' dir='ltr'><strong>diligenter,</strong></span> 
     </span>
     <span class='ocr_line' id='line_1_22' title="bbox 47 3043 1182 3141; baseline -0.004 -19"><span class='ocrx_word' id='word_1_169' title='bbox 47 3111 51 3122; x_wconf 94' lang='lat'><em>.</em></span> <span class='ocrx_word' id='word_1_170' title='bbox 123 3054 161 3120; x_wconf 89' lang='lat' dir='ltr'><strong>et</strong></span> <span class='ocrx_word' id='word_1_171' title='bbox 178 3047 220 3120; x_wconf 89' lang='lat' dir='ltr'><strong>ad</strong></span> <span class='ocrx_word' id='word_1_172' title='bbox 239 3045 416 3118; x_wconf 90' lang='lat' dir='ltr'><strong>meliorem</strong></span> <span class='ocrx_word' id='word_1_173' title='bbox 438 3043 611 3118; x_wconf 85' lang='lat' dir='ltr'><strong>culturam</strong></span> <span class='ocrx_word' id='word_1_174' title='bbox 629 3043 818 3141; x_wconf 91' lang='lat' dir='ltr'><strong>perducere</strong></span> <span class='ocrx_word' id='word_1_175' title='bbox 837 3067 934 3129; x_wconf 88' lang='lat' dir='ltr'><strong>cam,</strong></span> <span class='ocrx_word' id='word_1_176' title='bbox 956 3044 1047 3140; x_wconf 93' lang='lat' dir='ltr'><strong>quod</strong></span> <span class='ocrx_word' id='word_1_177' title='bbox 1067 3046 1182 3118; x_wconf 89' lang='lat' dir='ltr'><strong>domi·-</strong></span> 
     </span>
     <span class='ocr_line' id='line_1_23' title="bbox 125 3160 1180 3257; baseline -0.006 -20"><span class='ocrx_word' id='word_1_178' title='bbox 125 3188 192 3238; x_wconf 90' lang='lat' dir='ltr'><strong>nus</strong></span> <span class='ocrx_word' id='word_1_179' title='bbox 210 3163 323 3237; x_wconf 88' lang='lat' dir='ltr'><strong>dictae</strong></span> <span class='ocrx_word' id='word_1_180' title='bbox 340 3172 452 3252; x_wconf 76' lang='lat' dir='ltr'><strong>terrae</strong></span> <span class='ocrx_word' id='word_1_181' title='bbox 473 3161 581 3257; x_wconf 90' lang='lat' dir='ltr'><strong>possit</strong></span> <span class='ocrx_word' id='word_1_182' title='bbox 598 3160 808 3256; x_wconf 81' lang='lat' dir='ltr'><strong>compellere</strong></span> <span class='ocrx_word' id='word_1_183' title='bbox 826 3168 862 3233; x_wconf 92' lang='lat' dir='ltr'><strong>et</strong></span> <span class='ocrx_word' id='word_1_184' title='bbox 874 3183 999 3256; x_wconf 81' lang='lat' dir='ltr'><strong>cogere</strong></span> <span class='ocrx_word' id='word_1_185' title='bbox 1013 3161 1125 3256; x_wconf 90' lang='lat' dir='ltr'><strong>ipsum</strong></span> <span class='ocrx_word' id='word_1_186' title='bbox 1146 3163 1180 3232; x_wconf 94' lang='lat' dir='ltr'><strong>in</strong></span> 
     </span>
     <span class='ocr_line' id='line_1_24' title="bbox 121 3278 1179 3378; baseline -0.003 -24"><span class='ocrx_word' id='word_1_187' title='bbox 121 3282 279 3378; x_wconf 88' lang='lat' dir='ltr'><strong>judicio,</strong></span> <span class='ocrx_word' id='word_1_188' title='bbox 304 3281 395 3378; x_wconf 91' lang='lat' dir='ltr'><strong>quod</strong></span> <span class='ocrx_word' id='word_1_189' title='bbox 422 3281 509 3354; x_wconf 89' lang='lat' dir='ltr'><strong>bene</strong></span> <span class='ocrx_word' id='word_1_190' title='bbox 532 3284 567 3353; x_wconf 90' lang='lat' dir='ltr'><strong>et</strong></span> <span class='ocrx_word' id='word_1_191' title='bbox 589 3279 776 3374; x_wconf 86' lang='lat' dir='ltr'><strong>diligenter</strong></span> <span class='ocrx_word' id='word_1_192' title='bbox 795 3278 949 3351; x_wconf 90' lang='lat' dir='ltr'><strong>laborare</strong></span> <span class='ocrx_word' id='word_1_193' title='bbox 974 3289 1009 3352; x_wconf 86' lang='lat' dir='ltr'><strong>et</strong></span> <span class='ocrx_word' id='word_1_194' title='bbox 1032 3279 1179 3352; x_wconf 90' lang='lat' dir='ltr'><strong>laborari</strong></span> 
     </span>
     <span class='ocr_line' id='line_1_25' title="bbox 125 3396 1176 3482; baseline -0.002 -11"><span class='ocrx_word' id='word_1_195' title='bbox 125 3399 239 3472; x_wconf 83' lang='lat' dir='ltr'><strong>lacere</strong></span> <span class='ocrx_word' id='word_1_196' title='bbox 262 3399 386 3472; x_wconf 88' lang='lat' dir='ltr'><strong>debeat</strong></span> <span class='ocrx_word' id='word_1_197' title='bbox 409 3399 536 3472; x_wconf 85' lang='lat' dir='ltr'><strong>dictam</strong></span> <span class='ocrx_word' id='word_1_198' title='bbox 560 3407 707 3482; x_wconf 64' lang='lat' dir='ltr'><strong>terreum</strong></span> <span class='ocrx_word' id='word_1_199' title='bbox 729 3406 765 3469; x_wconf 89' lang='lat' dir='ltr'><strong>et</strong></span> <span class='ocrx_word' id='word_1_200' title='bbox 788 3398 818 3468; x_wconf 90' lang='lat' dir='ltr'><strong>si</strong></span> <span class='ocrx_word' id='word_1_201' title='bbox 841 3396 930 3469; x_wconf 88' lang='lat' dir='ltr'><strong>infre</strong></span> <span class='ocrx_word' id='word_1_202' title='bbox 954 3397 1042 3470; x_wconf 89' lang='lat' dir='ltr'><strong>duos</strong></span> <span class='ocrx_word' id='word_1_203' title='bbox 1068 3421 1176 3469; x_wconf 91' lang='lat' dir='ltr'><strong>anuos</strong></span> 
     </span>
     <span class='ocr_line' id='line_1_26' title="bbox 126 3495 1178 3612; baseline -0.002 -24"><span class='ocrx_word' id='word_1_204' title='bbox 126 3515 187 3588; x_wconf 91' lang='lat' dir='ltr'><strong>ille</strong></span> <span class='ocrx_word' id='word_1_205' title='bbox 205 3495 388 3612; x_wconf 84' lang='lat' dir='ltr'><strong>partiarids</strong></span> <span class='ocrx_word' id='word_1_206' title='bbox 404 3523 519 3590; x_wconf 89' lang='lat' dir='ltr'><strong>cessat</strong></span> <span class='ocrx_word' id='word_1_207' title='bbox 532 3513 687 3587; x_wconf 85' lang='lat' dir='ltr'><strong>laborare</strong></span> <span class='ocrx_word' id='word_1_208' title='bbox 705 3519 741 3586; x_wconf 89' lang='lat' dir='ltr'><strong>et</strong></span> <span class='ocrx_word' id='word_1_209' title='bbox 758 3513 904 3586; x_wconf 90' lang='lat' dir='ltr'><strong>laborari</strong></span> <span class='ocrx_word' id='word_1_210' title='bbox 921 3513 1033 3587; x_wconf 83' lang='lat' dir='ltr'><strong>fecere</strong></span> <span class='ocrx_word' id='word_1_211' title='bbox 1051 3521 1178 3586; x_wconf 89' lang='lat' dir='ltr'><strong>terram</strong></span> 
     </span>
     <span class='ocr_line' id='line_1_27' title="bbox 125 3629 1179 3732; baseline -0.002 -26"><span class='ocrx_word' id='word_1_212' title='bbox 125 3632 361 3732; x_wconf 81' lang='lat' dir='ltr'><strong>praedictam,</strong></span> <span class='ocrx_word' id='word_1_213' title='bbox 380 3631 498 3727; x_wconf 90' lang='lat' dir='ltr'><strong>elapso</strong></span> <span class='ocrx_word' id='word_1_214' title='bbox 516 3630 608 3703; x_wconf 91' lang='lat' dir='ltr'><strong>dioto</strong></span> <span class='ocrx_word' id='word_1_215' title='bbox 626 3630 774 3703; x_wconf 90' lang='lat' dir='ltr'><strong>termino</strong></span> <span class='ocrx_word' id='word_1_216' title='bbox 791 3629 837 3702; x_wconf 89' lang='lat' dir='ltr'><strong>sit</strong></span> <span class='ocrx_word' id='word_1_217' title='bbox 853 3629 1018 3718; x_wconf 87' lang='lat' dir='ltr'><strong>exclusus</strong></span> <span class='ocrx_word' id='word_1_218' title='bbox 1038 3638 1073 3702; x_wconf 93' lang='lat' dir='ltr'><strong>et</strong></span> <span class='ocrx_word' id='word_1_219' title='bbox 1091 3631 1179 3704; x_wconf 90' lang='lat' dir='ltr'><strong>sciat</strong></span> 
     </span>
    </p>
   </div>
   <div class='ocr_carea' id='block_1_2' title="bbox 125 3746 1323 3844">
    <p class='ocr_par' dir='ltr' id='par_1_4' title="bbox 125 3746 1323 3844">
     <span class='ocr_line' id='line_1_28' title="bbox 125 3746 1323 3844; baseline -0.007 -20"><span class='ocrx_word' id='word_1_220' title='bbox 125 3773 164 3824; x_wconf 91' lang='lat' dir='ltr'><strong>se</strong></span> <span class='ocrx_word' id='word_1_221' title='bbox 188 3772 264 3823; x_wconf 88' lang='lat' dir='ltr'><strong>esse</strong></span> <span class='ocrx_word' id='word_1_222' title='bbox 288 3749 468 3823; x_wconf 85' lang='lat' dir='ltr'><strong>exclusum</strong></span> <span class='ocrx_word' id='word_1_223' title='bbox 487 3771 506 3819; x_wconf 95' lang='lat' dir='ltr'><strong>a</strong></span> <span class='ocrx_word' id='word_1_224' title='bbox 524 3747 665 3844; x_wconf 83' lang='lat' dir='ltr'><strong>colligio</strong></span> <span class='ocrx_word' id='word_1_225' title='bbox 685 3747 796 3820; x_wconf 88' lang='lat' dir='ltr'><strong>dictae</strong></span> <span class='ocrx_word' id='word_1_226' title='bbox 814 3753 943 3833; x_wconf 90' lang='lat' dir='ltr'><strong>terrae,</strong></span> <span class='ocrx_word' id='word_1_227' title='bbox 965 3746 1021 3820; x_wconf 91' lang='lat' dir='ltr'><strong>vel</strong></span> <span class='ocrx_word' id='word_1_228' title='bbox 1039 3768 1176 3841; x_wconf 90' lang='lat' dir='ltr'><strong>compo·</strong></span> <span class='ocrx_word' id='word_1_229' title='bbox 1320 3748 1323 3754; x_wconf 77' lang='grc'><em>’</em></span> 
     </span>
    </p>
   </div>
   <div class='ocr_carea' id='block_1_3' title="bbox 125 3863 1178 4198">
    <p class='ocr_par' dir='ltr' id='par_1_5' title="bbox 125 3863 1178 4198">
     <span class='ocr_line' id='line_1_29' title="bbox 126 3863 1178 3962; baseline -0.005 -20"><span class='ocrx_word' id='word_1_230' title='bbox 126 3892 209 3943; x_wconf 90' lang='lat' dir='ltr'><strong>uere</strong></span> <span class='ocrx_word' id='word_1_231' title='bbox 223 3867 347 3942; x_wconf 89' lang='lat' dir='ltr'><strong>debeat</strong></span> <span class='ocrx_word' id='word_1_232' title='bbox 359 3867 499 3940; x_wconf 93' lang='lat' dir='ltr'><strong>domiuo</strong></span> <span class='ocrx_word' id='word_1_233' title='bbox 511 3867 706 3962; x_wconf 90' lang='lat' dir='ltr'><strong>praedictae</strong></span> <span class='ocrx_word' id='word_1_234' title='bbox 721 3873 833 3938; x_wconf 91' lang='lat' dir='ltr'><strong>terrae</strong></span> <span class='ocrx_word' id='word_1_235' title='bbox 847 3863 1178 3939; x_wconf 88' lang='lat' dir='ltr'><strong>tarenosduodecim</strong></span> 
     </span>
     <span class='ocr_line' id='line_1_30' title="bbox 125 3980 1175 4084; baseline -0.005 -25"><span class='ocrx_word' id='word_1_236' title='bbox 125 3985 341 4084; x_wconf 77' lang='lat' dir='ltr'><strong>Amalphiae,</strong></span> <span class='ocrx_word' id='word_1_237' title='bbox 360 4007 465 4081; x_wconf 89' lang='lat' dir='ltr'><strong>super</strong></span> <span class='ocrx_word' id='word_1_238' title='bbox 479 3982 545 4056; x_wconf 91' lang='lat' dir='ltr'><strong>hoc</strong></span> <span class='ocrx_word' id='word_1_239' title='bbox 558 3981 728 4060; x_wconf 91' lang='lat' dir='ltr'><strong>electione</strong></span> <span class='ocrx_word' id='word_1_240' title='bbox 747 3990 881 4058; x_wconf 88' lang='lat' dir='ltr'><strong>servata</strong></span> <span class='ocrx_word' id='word_1_241' title='bbox 893 3983 987 4056; x_wconf 93' lang='lat' dir='ltr'><strong>dioto</strong></span> <span class='ocrx_word' id='word_1_242' title='bbox 1000 3980 1175 4077; x_wconf 88' lang='lat' dir='ltr'><strong>partiario,</strong></span> 
     </span>
     <span class='ocr_line' id='line_1_31' title="bbox 127 4100 1178 4198; baseline -0.005 -22"><span class='ocrx_word' id='word_1_243' title='bbox 127 4113 162 4176; x_wconf 90' lang='lat' dir='ltr'><strong>et</strong></span> <span class='ocrx_word' id='word_1_244' title='bbox 183 4109 373 4178; x_wconf 87' lang='lat' dir='ltr'><strong>revertatur</strong></span> <span class='ocrx_word' id='word_1_245' title='bbox 390 4102 433 4174; x_wconf 90' lang='lat' dir='ltr'><strong>ad</strong></span> <span class='ocrx_word' id='word_1_246' title='bbox 451 4101 630 4174; x_wconf 92' lang='lat' dir='ltr'><strong>dominum</strong></span> <span class='ocrx_word' id='word_1_247' title='bbox 649 4109 740 4173; x_wconf 89' lang='lat' dir='ltr'><strong>terra</strong></span> <span class='ocrx_word' id='word_1_248' title='bbox 757 4102 929 4198; x_wconf 87' lang='lat' dir='ltr'><strong>praedicta</strong></span> <span class='ocrx_word' id='word_1_249' title='bbox 949 4101 1065 4172; x_wconf 88' lang='lat' dir='ltr'><strong>lrauoa</strong></span> <span class='ocrx_word' id='word_1_250' title='bbox 1084 4110 1118 4171; x_wconf 87' lang='lat' dir='ltr'><strong>ot</strong></span> <span class='ocrx_word' id='word_1_251' title='bbox 1137 4100 1178 4171; x_wconf 91' lang='lat' dir='ltr'><strong>li-</strong></span> 
     </span>
    </p>
   </div>
   <div class='ocr_carea' id='block_1_4' title="bbox 128 4218 1120 4321">
    <p class='ocr_par' dir='ltr' id='par_1_6' title="bbox 128 4218 1120 4321">
     <span class='ocr_line' id='line_1_32' title="bbox 128 4218 1120 4321; baseline -0.008 -25"><span class='ocrx_word' id='word_1_252' title='bbox 128 4222 207 4296; x_wconf 86' lang='lat' dir='ltr'><strong>bera</strong></span> <span class='ocrx_word' id='word_1_253' title='bbox 226 4223 268 4296; x_wconf 88' lang='lat' dir='ltr'><strong>ab</strong></span> <span class='ocrx_word' id='word_1_254' title='bbox 284 4221 378 4295; x_wconf 93' lang='lat' dir='ltr'><strong>omni</strong></span> <span class='ocrx_word' id='word_1_255' title='bbox 396 4220 510 4321; x_wconf 91' lang='lat' dir='ltr'><strong>specie</strong></span> <span class='ocrx_word' id='word_1_256' title='bbox 529 4219 704 4296; x_wconf 87' lang='lat' dir='ltr'><strong>servitutis</strong></span> <span class='ocrx_word' id='word_1_257' title='bbox 723 4222 855 4294; x_wconf 90' lang='lat' dir='ltr'><strong>ratione</strong></span> <span class='ocrx_word' id='word_1_258' title='bbox 874 4221 957 4294; x_wconf 90' lang='lat' dir='ltr'><strong>dicti</strong></span> <span class='ocrx_word' id='word_1_259' title='bbox 976 4218 1120 4315; x_wconf 78' lang='lat' dir='ltr'><strong>colligit.</strong></span> 
     </span>
    </p>
   </div>
   <div class='ocr_carea' id='block_1_5' title="bbox 0 0 1554 5218">
    <p class='ocr_par' dir='ltr' id='par_1_7' title="bbox 0 0 1554 5218">
     <span class='ocr_line' id='line_1_33' title="bbox 0 0 1554 5218; baseline 0 1"><span class='ocrx_word' id='word_1_260' title='bbox 0 0 1554 5218; x_wconf 95' lang='lat' dir='ltr'><strong> </strong></span> 
     </span>
    </p>
   </div>
  </div>
 </body>
</html>
