3098 5218
818 471 991 544 ..70-

774 733 928 808 omnm
945 603 1043 802 Lth

759 965 808 1039 Do
825 965 1043 1040 tentamenti&

419 1197 561 1287 Quodsi
576 1195 703 1292 aliquis
716 1181 877 1270 homo'de
888 1197 1056 1271 Surrento
1070 1199 1217 1269 testatur
1235 1195 1270 1267 in
1283 1195 1352 1271 vita
1367 1219 1436 1270 sua

372 1338 435 1388 seu
448 1315 484 1386 in
503 1313 626 1388 ultimo
643 1313 733 1388 vitae
752 1335 849 1401 suaa,
865 1319 901 1386 et
914 1313 1027 1409 ipsum
1046 1318 1291 1386 testamentum
1311 1313 1437 1386 eondi-

372 1439 446 1504 tum
460 1455 521 1528 per
533 1453 614 1506 eum
632 1437 669 1503 et
682 1428 917 1527 subscriptum
929 1452 990 1525 per
1004 1451 1127 1502 manus
1140 1427 1289 1525 alioujus
1302 1427 1434 1502 notarii

370 1549 548 1634 Surrenti,
568 1556 603 1621 et
619 1548 817 1621 roboratum
839 1570 900 1644 per
918 1569 1041 1620 manus
1057 1546 1189 1622 todiois
1207 1547 1368 1624 Surrenti
1394 1553 1432 1621 et

371 1689 431 1763 per
452 1667 604 1762 quinque
627 1671 734 1738 testea
757 1663 800 1735 de
821 1664 943 1737 eadem
970 1662 1116 1736 Ciuitate
1138 1663 1432 1760 Surrenti,quod·

370 1783 440 1856 tale
458 1787 703 1856 testamentum
733 1779 785 1852 sie
806 1778 937 1852 iaetum
958 1778 1135 1864 validum,
1156 1779 1294 1852 firmum
1320 1787 1357 1851 et
1374 1802 1433 1852 ra·

353 1901 446 1968 *tum
470 1899 689 1990 permaneat,
709 1899 744 1964 et
765 1893 919 1966 obtineat
942 1893 1159 1979 firmitatem,
1179 1893 1431 1966 nonobstante

367 2013 446 2108 jure
458 2009 567 2096 civili,
589 2011 625 2081 in
642 2032 710 2104 quo
728 2009 927 2084 continetur
943 2011 1036 2106 quod
1047 2009 1195 2086 debeant
1208 2009 1377 2084 interesse
1393 2012 1431 2083 in

276 2219 286 2240 .
370 2135 577 2202 testamento
596 2133 729 2226 septem
747 2135 867 2202 testes.

765 2364 920 2438 anunm
937 2364 1038 2438 LXII.

458 2598 507 2671 Do
523 2599 567 2670 iia
580 2600 637 2692 pot
653 2598 807 2670 incidunt
821 2597 956 2671 arboreo
972 2599 1012 2672 de
1027 2601 1129 2672 terrie
1145 2597 1335 2696 oottipiotie.

416 2833 512 2926 Quod
531 2833 560 2905 si
583 2831 661 2929 quis
679 2832 782 2906 homo
799 2830 948 2908 sorensis
965 2857 1027 2909 seu
1044 2833 1216 2908 habitator
1233 2843 1328 2910 extra
1350 2860 1426 2911 mu·
1532 2813 1533 2820 ἵ

369 2975 425 3024 ros
443 2949 598 3025 Civitatis
615 2950 773 3024 Surrenti
791 2950 894 3023 habet
911 2951 1062 3046 aliquam
1081 2959 1209 3024 terram
1229 2951 1263 3023 in
1283 2952 1425 3049 oolligio

369 3090 447 3141 oum
477 3065 677 3138 hominibus
702 3066 743 3136 de
766 3066 951 3153 Surrento,
977 3065 1100 3140 inuidit
1120 3089 1183 3138 eeu
1207 3067 1317 3140 ¹ineidi
1341 3069 1425 3142 taeit

370 3186 520 3282 aliquam
539 3183 695 3256 arborem
715 3185 757 3255 de
774 3179 866 3257 vdiota
884 3189 977 3256 terre
995 3183 1133 3280 propria
1151 3185 1372 3273 auotoritate,
1390 3193 1425 3260 et

369 3303 478 3399 ipsam
496 3301 619 3376 exinde
639 3307 791 3396 asportat
808 3324 869 3396 pro
886 3321 951 3374 suo
966 3300 1109 3374 arbitrio
1127 3301 1316 3376 voluntatis
1330 3356 1338 3390 ,
1354 3297 1424 3376 foen
1530 3395 1531 3400 Ἰ

369 3421 473 3493 etiam
498 3417 622 3496 exinde
641 3416 785 3490 abstulit
805 3439 867 3490 seu
884 3415 1013 3489 auferri
1031 3415 1114 3490 iaoit
1131 3417 1267 3514 aliquos
1290 3417 1424 3492 fruetus

368 3558 432 3608 seo
454 3534 610 3608 redditus
632 3541 668 3605 et
684 3540 893 3630 proventus,
915 3539 950 3604 et
966 3531 1091 3606 exinde
1108 3541 1261 3630 asportat
1277 3559 1339 3634 pro
1359 3560 1421 3611 auo

368 3651 514 3725 arbitrio
537 3650 745 3736 voluntatis,
766 3650 856 3745 quod
876 3656 1035 3723 teneatur
1057 3649 1242 3724 restituere
1265 3652 1418 3740 domino,

365 3793 445 3843 oum
464 3791 532 3865 quo
550 3766 654 3840 habet
671 3766 796 3839 dietam
815 3773 941 3838 terram
960 3765 995 3838 in
1014 3766 1179 3863 colligio,
1199 3768 1353 3842 valorem
1368 3771 1417 3842 rei
1529 3815 1530 3840 r

364 3887 444 3959 inde
462 3886 596 3958 ablatae
611 3883 665 3957 vel
681 3906 752 3953 rem
766 3882 876 3978 ipsam
891 3881 1150 3976 indeablatam,
1168 3906 1231 3958 seu
1249 3884 1418 3959 interesse

366 4003 474 4099 ipsius
498 4002 564 4087 rei,
584 4006 620 4072 et
641 4019 847 4095 componere
872 3997 937 4094 ipsi
955 3997 1113 4084 domino,
1137 4023 1218 4073 oum
1240 4024 1307 4096 quo
1327 4008 1422 4074 tenet

368 4124 476 4219 ipsam
490 4128 617 4194 terram
637 4119 671 4190 in
685 4115 838 4211 colligio,
856 4123 992 4190 tarenos
1007 4116 1190 4194 duodeoim
1206 4116 1418 4218 amalphiae,
