3108 5208
574 461 749 536 ..21-

133 603 232 677 bouis
254 601 322 676 sibi
339 623 359 675 a
376 598 644 697 consanguineis
662 622 702 672 en
721 620 940 694 quocumque
958 599 1068 674 latere
1086 602 1191 676 obre-

132 720 308 795 nientibus
337 718 513 814 usquead
536 715 759 792 medietatem
781 722 920 790 tenetur
943 717 1063 790 liberis
1086 719 1193 792 relin-

133 858 257 931 quere;
276 837 325 910 ita
337 843 454 910 tamen
470 834 563 931 quod
577 835 764 908 desunotns
778 834 851 930 ipse
866 833 926 906 uni
945 857 986 906 ex
1002 835 1083 908 titiis
1096 836 1194 932 plus-

134 975 239 1047 qunm
256 953 317 1026 olii
334 975 404 1026 non
422 956 539 1049 potest
555 951 597 1023 de
615 950 689 1046 ipsa
707 951 894 1024 medietate
906 951 1128 1047 relinquere:
1157 960 1195 1026 et

132 1069 174 1140 de
196 1070 267 1142 alia
292 1069 475 1143 medietate
494 1073 609 1164 potest
626 1067 809 1165 disponere
827 1091 889 1164 pro
908 1068 1050 1142 arbitrio
1068 1071 1194 1145 volone

131 1186 225 1259 tatis.
246 1187 343 1274 Quod
360 1187 390 1260 si
413 1191 559 1260 testator
581 1187 617 1260 in
635 1186 706 1262 vita
722 1210 786 1260 sua
804 1204 972 1284 expensas
990 1187 1125 1284 aliquas
1144 1188 1161 1261 s
1180 1230 1195 1245 ·

132 1304 220 1378 oerit
242 1328 303 1401 pro
327 1326 396 1378 uno
416 1304 587 1390 filiorum,
608 1309 723 1400 potest
739 1302 827 1376 elios
846 1303 881 1376 in
902 1310 1112 1380 testamento
1130 1330 1194 1380 suo

132 1420 327 1518 adaequare
348 1422 381 1496 si
406 1421 494 1502 vult.
513 1421 641 1494 Verum
664 1427 779 1518 potest
800 1427 897 1518 pater
923 1429 958 1494 et
976 1429 1086 1494 mater
1103 1423 1196 1496 filios

133 1539 364 1614 exhaeredare
387 1543 423 1612 et
444 1538 481 1611 in
499 1544 611 1612 totum
629 1562 649 1610 a
667 1560 730 1612 sua
749 1538 971 1611 suooessione
993 1539 1193 1628 excludere,

133 1655 163 1728 si
177 1658 273 1753 iusta
290 1677 396 1730 eausa
413 1653 716 1730 exhaeredationis
734 1653 853 1728 tuerit.

550 1891 706 1966 Rubrum
724 1891 784 1964 111.

196 2126 246 2200 de
261 2128 467 2200 suoomsione
481 2127 655 2200 morientis
671 2126 746 2198 stne
761 2124 845 2218 filiis
862 2147 904 2198 en
920 2134 1128 2204 testamento.

181 2358 225 2431 nt
246 2361 275 2432 si
299 2343 444 2432 testator
470 2357 562 2430 tilios
579 2378 642 2430 seu
660 2355 790 2430 liberos
800 2411 812 2444 ,,
830 2364 866 2431 et
882 2356 1136 2432 descendentes
1155 2385 1198 2434 ex
1258 2409 1261 2416 ,

135 2475 185 2550 eis
200 2477 236 2550 in
250 2478 427 2551 infinitum
442 2499 513 2548 non
527 2474 664 2562 habeat,
680 2482 795 2572 potest
818 2477 859 2570 de
877 2475 978 2549 bonis
995 2479 1148 2574 paternis
1164 2487 1200 2551 et

135 2595 314 2680 maternis,
335 2602 371 2667 et
386 2593 465 2666 aliis
482 2593 524 2666 eb
543 2591 678 2689 agnatis
697 2598 732 2664 et
749 2592 907 2688 cognatis
925 2581 990 2665 sibi
1010 2594 1200 2668 obvenien-

136 2709 230 2784 tibus
254 2710 439 2808 disponere
461 2714 561 2809 junta
585 2707 675 2782 vello
699 2709 871 2803 usquead
890 2708 1125 2783 medietatem.
1147 2713 1195 2784 De

136 2826 238 2902 bonis
251 2829 433 2926 acquisitis
445 2835 559 2925 potest
572 2827 756 2923 disponere
765 2849 826 2922 pro
837 2825 981 2899 arbitrio
991 2828 1194 2903 voluntatis.

551 3039 707 3138 Rnnnron
725 3065 779 3136 IV.

318 3301 499 3398 dequibus
515 3303 759 3400 filiusfamilias
772 3313 879 3399 potest
895 3307 1025 3380 tortori.

189 3538 299 3612 Filius
326 3545 363 3611 et
391 3537 614 3611 filiafamilias
637 3546 785 3635 possunt
811 3539 854 3612 de
877 3539 978 3612 bonis
1000 3538 1201 3614 adventitiis

141 3665 276 3732 tanturn
293 3659 360 3732 sibi
377 3681 396 3730 a
414 3665 523 3731 matre
541 3666 760 3754 praemortua
776 3659 831 3734 rel
850 3659 936 3732 aliis
955 3683 998 3732 ex
1017 3659 1110 3734 linea
1129 3684 1201 3732 ma·
1333 3671 1338 3689 ·

49 3773 52 3780 “
140 3782 239 3848 terna
257 3774 520 3849 obvenientibus
537 3775 670 3862 testari,
692 3799 733 3850 ao
750 3776 780 3848 si
799 3783 897 3873 pater
915 3776 970 3849 vel
987 3775 1203 3848 materfami-

141 3893 208 3966 lias
225 3900 355 3981 essent,
374 3893 423 3966 ita
440 3895 531 3989 quod
549 3918 618 3967 non
636 3902 796 3969 teneatur
813 3895 945 3989 aliquid
960 3895 1049 3990 patri
1064 3894 1120 3966 vel
1135 3917 1200 3966 avo

143 4021 305 4106 paterno,
329 4009 383 4084 rel
407 4010 467 4082 alii
491 4009 684 4104 quisitor
709 4012 804 4085 linea
826 4011 1036 4086 aseendente
1054 4016 1199 4106 paterne

144 4128 342 4224 relinquero
359 4124 389 4200 si
407 4126 516 4214 nolit,
535 4127 629 4202 selvo
647 4127 765 4224 debito
782 4128 952 4204 bonorum
972 4127 1142 4202 subsidio.
1166 4127 1203 4198 ln
