3098 5218
442 576 446 582 ,
575 499 751 574 -69-

519 760 675 834 Runurcs
699 759 783 834 ΗΧ.

217 995 307 1086 Quod
323 993 436 1070 nuilus
452 995 560 1090 serint
576 994 707 1090 aliquas
723 999 762 1071 iu
778 999 919 1073 introitu
934 1003 1099 1074 communi

555 1113 741 1206 spurcitias.

175 1346 273 1436 Quod
292 1346 321 1420 si
340 1346 467 1443 uliquis
482 1346 645 1420 introitus
658 1347 921 1420 esteommunis
934 1348 1025 1422 inter
1041 1349 1184 1446 aliquus*
1271 1363 1272 1366 ’

126 1465 287 1538 homines
306 1466 355 1537 de
371 1465 556 1553 Surrento,
583 1487 644 1562 per
667 1489 771 1561 quern
790 1466 855 1564 ipsi
873 1466 1031 1541 homines
1048 1468 1179 1542 habent

125 1573 259 1655 editum
277 1581 381 1654 eundi
400 1587 436 1654 et
452 1581 622 1655 redeundi
641 1582 682 1654 ed
702 1582 822 1655 domos
836 1602 971 1671 eorum,
991 1585 1081 1680 quod
1100 1584 1180 1656 nul·

124 1698 179 1771 lus
198 1719 241 1771 ex
257 1697 308 1770 eis
327 1698 436 1794 possit
454 1721 518 1771 nee
531 1697 655 1771 debent
667 1699 835 1796 projieere
851 1722 914 1773 nee
929 1701 1049 1798 pr0Jiei
1064 1701 1178 1774 seuere

124 1813 308 1911 spurcitias
334 1838 397 1887 sen
422 1837 545 1911 equum
571 1811 723 1910 aliquem
748 1815 784 1886 in
808 1815 900 1888 dieto
919 1815 1063 1889 introitu
1086 1828 1181 1890 eenr-

123 1930 235 2018 muni,
256 1930 336 2026 quie
356 1930 584 2028 impediretur
601 1930 715 2004 aditus
733 1932 929 2006 eommunis
948 1929 1054 2004 eundi
1073 1939 1109 2005 et
1126 1955 1179 2005 re-

124 2046 269 2151 deundi*
286 2049 329 2121 ed
360 2050 482 2124 domos
508 2072 649 2138 eorum,
676 2056 711 2122 et
743 2050 947 2146 praesertim
970 2051 1060 2123 iuter
1084 2052 1180 2126 eires

120 2163 299 2239 Surrenti:
325 2165 386 2238 sed
404 2166 495 2238 inter
511 2166 662 2240 rusticos
680 2165 786 2238 lineat
801 2165 853 2238 eis
871 2163 1038 2246 sebrinere
1055 2168 1178 2239 domos

120 2304 201 2355 eum
219 2284 358 2356 nstraeo'
372 2307 452 2358 euru
473 2291 651 2379 pectorate
669 2283 862 2380 palmorum
881 2291 973 2371 oete,
990 2290 1026 2355 et
1044 2289 1174 2356 tectum
1277 2327 1280 2336 -

120 2397 196 2470 sine
214 2422 301 2496 sque
320 2401 555 2474 descendente
574 2399 719 2474 ineunti
737 2399 914 2472 communi
932 2408 968 2471 et
985 2400 1061 2472 sine
1080 2422 1177 2496 sper-

120 2513 227 2588 eitiis.

544 2636 700 2708 Runnrnn
717 2639 785 2710 LX.

360 2867 409 2939 De
426 2867 597 2962 acquisitis
610 2887 672 2963 per
689 2869 958 2968 filiumfamilias.

168 3105 265 3194 Quod
289 3104 319 3176 si
343 3103 470 3198 aliquis
489 3101 735 3178 filiusfamilias
749 3106 855 3180 'habet
870 3109 1038 3203 aequisita
1057 3111 1173 3206 alique

119 3223 209 3322 bone
227 3221 269 3295 de
287 3221 423 3320 peculio
443 3222 611 3295 cestrensi
629 3223 683 3296 vel
698 3226 810 3320 qnasi,
826 3234 861 3298 et
874 3225 916 3298 de
932 3227 1031 3300 honis
1047 3235 1175 3300 meter·

120 3338 174 3411 nis
196 3338 225 3411 si
250 3344 360 3412 meter
382 3338 547 3422 decessit,
568 3339 658 3433 qnod
680 3340 787 3414 {ineat
809 3341 861 3414 illi
880 3341 1103 3416 filiofamilias
1122 3353 1172 3418 te·

120 3458 328 3526 stamentum
351 3451 464 3526 faeere
487 3462 522 3526 et
540 3454 696 3550 judicare
719 3477 759 3528 ee
782 3457 951 3553 aequisita
975 3483 1037 3556 pre
1055 3461 1183 3534 anime·

120 3590 184 3642 sua
208 3577 243 3642 et
262 3571 469 3667 unicumque
485 3571 651 3660 voluerit,
673 3581 708 3646 et
725 3573 795 3647 tete
813 3574 984 3671 judicium
1006 3584 1120 3652 ratum
1140 3587 1177 3652 et

121 3684 259 3759 firmum
277 3693 490 3783 permaneat.
