3108 5208
560 489 734 560 ..27-

119 636 266 732 possint.
290 633 437 729 Reliqua
460 631 550 704 hona
573 627 708 702 eorredi
726 632 925 725 apparentia
942 631 1015 706 sive
1033 633 1184 702 existen·
1322 665 1325 673 ·

120 753 181 841 tia,
203 753 297 825 siout
315 757 352 840 et
366 749 455 822 bona
475 746 625 833 stabilia,
649 745 845 818 existimata
870 748 941 820 sint
956 746 1012 821 rel
1027 748 1185 821 inexisti-

118 874 224 952 mato,
235 865 353 938 statim
366 862 432 960 ipsi
446 861 585 935 mulieri
595 860 811 934 restituenda
826 861 910 950 oiut3
920 862 1184 958 quinimmoau·

118 982 280 1058 otoritate
297 979 435 1079 propria
452 983 566 1078 potest
582 977 656 1076 ipra
673 999 797 1073 capere
814 979 1120 1078 quandocumque.

531 1213 699 1290 -Rooarou
716 1213 759 1288 X.
802 1259 804 1266 ι
842 1231 845 1244 ¹
907 1259 908 1267 κ

494 1449 544 1524 Do
554 1451 636 1545 juro
651 1457 805 1546 quartae.

160 1687 326 1775 Quartam
344 1695 459 1763 autem
478 1687 703 1762 constitutam
723 1687 788 1785 ipsi
807 1687 947 1760 mulieri
967 1709 986 1758 a
1004 1684 1177 1780 quondam

114 1813 186 1888 viro
205 1835 272 1884 suo
290 1812 325 1882 in
343 1809 444 1882 bonis
470 1808 581 1906 ipsios
598 1806 683 1893 viri,
703 1805 779 1878 aine
795 1806 896 1902 jussu
912 1807 1041 1904 judicis
1062 1816 1097 1882 et
1119 1833 1181 1883 au-

115 1929 277 2002 ctoritate
300 1925 489 2024 praetoris,
516 1923 725 2006 auctoritate
743 1923 880 2020 propria
902 1947 963 2021 per
979 1949 1017 1998 se
1036 1934 1071 2001 et
1092 1928 1180 1999 alios

114 2052 230 2142 potent
249 2045 376 2118 mulier
393 2046 466 2141 ipsa
490 2051 568 2140 post
590 2049 736 2114 mortem
760 2042 827 2114 viri
843 2043 899 2114 sui
918 2065 1041 2140 capere
1068 2053 1104 2118 et
1120 2069 1180 2143 ap·

115 2162 345 2258 prehendere,
365 2167 524 2256 quautam
541 2159 679 2232 scilieet
696 2158 880 2244 bonorum,
902 2166 990 2254 quae
1007 2161 1060 2236 vir
1086 2185 1179 2234 mor·

114 2289 198 2356 tuus
217 2282 341 2352 mortis
359 2302 444 2352 auae
462 2284 618 2375 tempore
636 2275 851 2373 possidebam
873 2276 921 2348 ita
940 2279 1032 2373 quod
1051 2279 1178 2351 mulier

114 2399 190 2496 ipsu
209 2397 338 2474 habeat
355 2402 512 2492 quartam
529 2396 658 2490 ipsam,
681 2395 830 2468 deducto
849 2394 946 2492 prius
963 2419 1044 2469 aere
1061 2396 1176 2470 alieno

114 2519 294 2586 nontraato
311 2518 391 2584 ante
407 2517 549 2606 quartae
562 2508 894 2600 constitutionemin
907 2509 1008 2606 plana
1023 2511 1177 2608 proprie-

114 2635 204 2716 tate,
226 2628 256 2702 oi
275 2628 405 2703 liberos
428 2650 469 2698 ex
487 2625 610 2700 marito
628 2607 848 2724 praemortuo
866 2651 935 2700 non
953 2627 1095 2715 habeat3
1116 2631 1176 2700 sed

113 2743 171 2816 uhi
186 2741 331 2816 haberet
345 2741 474 2812 liberos
487 2762 528 2812 ex
541 2741 665 2813 marito
675 2748 909 2834 praemortuo,
920 2748 1034 2838 potest
1042 2741 1177 2816 sruotus

112 2865 255 2954 quartae
286 2857 398 2954 ipsius
422 2855 628 2932 auotoritate
651 2858 787 2954 propria
806 2882 866 2954 per
883 2881 920 2930 se
937 2858 991 2932 uel
1010 2881 1071 2954 per
1089 2857 1177 2930 alios

114 2977 190 3072 ejus
211 2975 352 3048 nomine
371 2995 496 3069 uapore.
513 2980 548 3046 et
564 2973 840 3068 apprehendere;
865 2975 923 3069 qui
939 2975 1173 3060 ususfruotus,

112 3096 260 3168 muliere
282 3094 356 3190 ipsa
375 3098 529 3178 mortua,
555 3091 793 3165 consolidatur
820 3092 1041 3188 proprietati,
1067 3100 1104 3165 et
1130 3093 1174 3166 ad

112 3234 233 3286 omnes
261 3210 390 3284 liberos
413 3206 530 3280 mariti
555 3231 595 3280 ex
616 3231 834 3304 quacumque
853 3232 961 3282 uxore
978 3217 1172 3305 suseeptoS,
1277 3233 1281 3240 ¹

111 3347 131 3396 a
148 3349 217 3422 quo
238 3332 397 3424 quartam
415 3323 532 3411 hahet,
552 3325 743 3421 perveniat,
764 3326 886 3398 liberis
904 3333 1020 3403 autem
1034 3349 1183 3423 praece·

112 3443 274 3518 dentibus
298 3444 363 3540 ipsi
385 3443 505 3529 matri,
527 3451 636 3518 mater
654 3445 726 3540 ipsa
746 3445 856 3541 ipsius
875 3452 1017 3540 quartae
1035 3444 1173 3540 plenam

110 3561 358 3657 proprietatem
376 3559 491 3636 habet.
509 3560 689 3636 Praedicta
708 3569 823 3636 autem
838 3561 1068 3658 apprehensio
1084 3561 1173 3636 saei·

111 3680 201 3754 enda
219 3680 425 3754 auctoritate
442 3679 594 3776 propria,
616 3687 655 3754 ut
672 3680 806 3753 dietum
824 3686 890 3768 est,
911 3679 1036 3752 habeat
1054 3679 1170 3754 loeum

111 3796 200 3872 infra
218 3821 347 3871 annum
365 3822 384 3870 a
403 3804 515 3870 morta
533 3800 649 3872 mariti
668 3799 953 3896 computandum,
969 3798 1028 3871 ubi
1045 3797 1170 3870 mulier

112 3937 178 3988 non
197 3914 324 3988 habeat
341 3913 468 3986 liberos
481 3936 524 3986 ex
538 3916 663 3988 marito
677 3921 912 4011 praemortuo}
925 3916 986 3988 sed
1004 3915 1033 3988 si
1048 3913 1173 3986 habeat

42 4123 49 4141 ‚
111 4029 258 4120 liberos,
279 4053 391 4103 annus
408 4031 481 4129 ipse
499 4032 622 4128 inoipit
638 4055 657 4104 a
675 4039 844 4129 tempore,
867 4055 935 4130 quo
953 4031 1170 4131 ipsumuliar

112 4146 312 4226 discesserit
328 4147 371 4220 da
390 4146 492 4224 domo
508 4147 624 4224 mariti
642 4148 867 4248 praemortui.
897 4233 905 4254 ἃ
