3098 5218
563 519 609 534 ..
628 477 673 552 79
690 515 736 534 ...

124 617 201 707 suu,
220 616 309 715 quod
330 560 408 717 ipsa¹
421 617 567 732 uiaesse
586 614 690 688 debet
703 613 746 689 de
765 614 952 689 latitudine
970 637 1031 688 sex
1048 613 1180 712 palme-

65 743 81 790 ἵ
124 759 220 823 ium3
249 741 285 807 et
302 734 331 806 si
349 736 465 806 cessat
482 732 527 805 ibi
547 755 623 806 esse
642 732 766 806 domus
784 755 847 806 seu
867 731 1080 830 pulmentum
1098 753 1179 804 eum

124 850 341 949 suseeptouio
367 873 451 938 sua,
478 872 556 925 esse
581 848 685 923 debet
710 849 753 922 de
776 849 963 924 latitudine
986 849 1180 948 palmorum

78 1031 82 1044 .
123 975 283 1064 quatuor.
359 1019 363 1022 -t

494 1083 652 1201 Ruuuiua
676 1081 819 1156 LXXIV.

257 1320 304 1394 De
321 1319 449 1416 sepibus
465 1317 627 1394 stantibus
643 1321 737 1393 iuter
750 1318 877 1416 aliquos
893 1319 1052 1414 confines.

173 1549 269 1637 Quod
300 1548 330 1620 si
360 1548 488 1644 aliquis
514 1547 618 1622 hahet
641 1551 695 1624 uel
721 1557 821 1622 tenet·
836 1549 987 1645 aliquam
1008 1572 1125 1646 sepem
1145 1543 1179 1622 in

125 1686 204 1737 uasa
231 1687 293 1736 sua
322 1684 427 1761 prope
457 1686 518 1736 seu
545 1665 644 1761 juxta
670 1672 799 1738 tesiam
823 1664 973 1761 alicujus
996 1661 1180 1736 confinalis

125 1780 192 1867 sui,
209 1801 271 1854 seu
289 1780 394 1852 etiam
408 1781 444 1853 iu
462 1781 613 1854 confinio
632 1782 798 1878 ipsorum,
817 1781 891 1878 ipsa
909 1804 1008 1878 sepes
1022 1792 1105 1854 'esse
1121 1781 1180 1854 de·

124 1903 205 1976 beat
221 1907 356 1975 tantum
376 1901 419 1974 de
437 1901 622 1976 altitudine
639 1903 833 2001 palmorum
851 1903 959 1976 trium
978 1925 1058 1976 eum
1078 1903 1181 1975 dimi·

125 2021 182 2094 dio
200 2029 237 2096 et
254 2045 322 2096 uon
339 2020 430 2118 plus.

502 2255 658 2329 lluauieu
674 2208 802 2344 tht'v.

351 2487 398 2560 lle
415 2488 566 2563 dentibus
576 2489 744 2563 'stantibus
760 2488 798 2560 iu
811 2487 966 2592 parietes

121 2755 124 2760 ¹
174 2717 271 2806 Quod
297 2719 326 2790 si
355 2719 482 2814 aliquis
508 2733 628 2793 murus
655 2726 710 2793 est
735 2743 797 2792 seu
816 2724 957 2816 apparet
975 2718 1009 2791 in
1030 2718 1181 2792 conlinit>

127 2835 323 2930 aliquorum
344 2835 524 2908 homiuum
543 2834 585 2907 de
602 2836 783 2923 Surrent0,
804 2842 839 2908 et
856 2837 892 2907 in
912 2836 985 2932 ipso
1004 2858 1103 2909 muro
1122 2860 1181 2932 ap·

127 2958 249 3048 parent
274 2951 396 3047 signa,
424 2973 511 3046 quae
542 2951 730 3047 vulgariter
752 2951 917 3026 dicuutur
933 2953 1067 3040 dentes,
1088 2951 1179 3049 quod

127 3069 188 3141 ille
214 3091 352 3155 murus,
383 3068 442 3141 ubi
460 3075 624 3166 apparent
640 3069 700 3140 illa
719 3069 835 3164 signa,
860 3067 907 3139 sit
925 3068 1119 3140 eommunis
1137 3092 1179 3142 ex

128 3191 274 3280 utraque
307 3192 420 3281 parte,
451 3191 486 3257 et
512 3183 620 3258 liceat
641 3184 778 3281 utrique
801 3182 969 3257 labuieare
993 3183 1122 3257 ibidem
1143 3183 1179 3257 in

127 3301 222 3373 dieto
248 3323 348 3372 muro
371 3301 445 3374 siue
470 3300 638 3374 foramine
655 3308 691 3374 et
707 3302 782 3374 sine
795 3301 960 3400 spurcitia
974 3324 1016 3376 ex
1035 3309 1180 3400 utraque

130 3427 240 3514 parte.
676 3458 679 3464 -

496 3537 650 3611 Ruuaics
672 3535 815 3610 lxxvi.

346 3775 395 3849 lle
411 3777 563 3850 temnitis
578 3774 741 3850 stantibus
757 3775 795 3848 ie
810 3773 964 3868 conplete.

180 4010 276 4099 Quod
302 4009 331 4080 si
354 4007 461 4106 aliqui
481 4008 624 4106 lapides,
647 4010 707 4107 qui
724 3985 914 4108 vulgariter
930 4010 1095 4084 dicuutur
1112 4011 1204 4087 leu·'

134 4130 232 4216 mini,
242 4133 405 4226 apparent
417 4150 479 4202 seu
494 4129 620 4202 suntin
635 4129 785 4204 eonliuio
800 4135 969 4204 terramm
984 4127 1179 4228 aliquorum
