3098 5218
497 481 500 489 ¹
574 465 749 541 ..sss-

541 725 696 800 Runmen
721 725 759 798 L.

494 950 543 1025 De
553 952 635 1045 jure
653 950 810 1025 testandi.

169 1184 268 1275 Quod
291 1183 322 1256 si
345 1181 462 1278 alique
484 1181 613 1254 mulier
630 1181 758 1254 tradite
775 1187 830 1254 est
845 1182 973 1281 nuptui
992 1183 1100 1258 alieni
1119 1184 1181 1258 ho·

121 1304 209 1381 mini
226 1304 270 1376 de
286 1303 467 1388 Surrento,
484 1301 675 1376 decedente
694 1301 772 1399 ipsa¹
786 1302 951 1391 muliere,
970 1303 1052 1378 siliis
1069 1303 1124 1378 vel
1142 1305 1181 1378 fi-

121 1420 237 1494 liebus
264 1418 535 1517 superstitibus,
565 1419 658 1515 quod
681 1419 712 1492 si
736 1419 801 1492 filii
818 1417 874 1494 vel
891 1421 984 1494 filiae
1004 1423 1183 1501 decedunt

121 1539 239 1615 testati
264 1539 300 1611 in
323 1561 366 1614 ee
389 1545 563 1636 tempore,
585 1561 652 1635 qno
670 1538 806 1635 possint
822 1539 974 1613 condere
993 1546 1183 1613 testamen-

123 1662 217 1743 tum,
245 1653 337 1750 quod
361 1652 465 1726 lineat
486 1653 537 1728 eis
560 1653 721 1751 judicare
744 1660 781 1727 et
797 1654 914 1752 legare
935 1656 1053 1730 emnia
1072 1656 1176 1744 bona,
1311 1723 1319 1748 ,

122 1795 211 1871 qnae
229 1772 374 1853 suerunt
389 1771 498 1870 petris
515 1778 551 1844 et
568 1771 691 1845 metris
708 1795 843 1860 eorum,
854 1774 1045 1870 unicnique
1062 1775 1186 1874 νοΙιιθ-1

63 1895 69 1908 “
121 1892 210 1980 nint,
235 1897 272 1965 et
287 1897 415 1968 reta-et
430 1890 528 1968 firme
546 1897 651 1987 atque
668 1891 781 1966 valida
800 1901 1007 1968 remaneant
1024 1891 1187 1991 Judieeta.

120 2007 311 2106 praedietn.
1028 2019 1033 2032 ·

537 2124 694 2198 Runnicn
718 2121 774 2196 LI.

501 2361 551 2436 De
559 2364 640 2456 jere
656 2362 807 2458 enitenti.

101 2697 109 2711 q
170 2596 269 2688 Quod
288 2598 319 2671 si
336 2597 464 2694 aliquis
480 2597 585 2670 home
602 2595 729 2670 hebeat
745 2596 881 2694 aliquas
899 2596 1021 2671 domos
1039 2621 1102 2672 seu
1119 2597 1181 2672 dn·

123 2733 221 2786 mum
238 2709 280 2784 ad
300 2709 403 2782 tinem
422 2709 605 2784 demonum
622 2711 774 2808 alicujus
788 2708 935 2785 alterius
952 2709 1118 2800 hominis,
1135 2712 1183 2785 sit

124 2828 174 2902 ibi
196 2827 324 2926 aliquis
347 2849 468 2902 munus
491 2828 689 2902 eommunis
707 2828 799 2900 inter
816 2849 877 2901 eos
894 2828 950 2902 vel
968 2827 1074 2901 etiam
1094 2841 1178 2916 nen,

125 2944 217 3042 quod
235 2944 342 3019 lineet
354 2945 493 3042 utniqne
510 2943 679 3018 febriente
697 2949 733 3018 et
750 2943 937 3018 escendere
951 2944 988 3018 in
1002 2944 1112 3020 altum
1125 2967 1183 3019 en-

124 3084 200 3136 sem
224 3083 324 3137 sunm
349 3068 671 3160 quantumcumque
695 3059 863 3149 voluerit,
891 3061 940 3134 ite
959 3067 1075 3138 tamen
1094 3062 1124 3134 si
1143 3062 1190 3136 in·

125 3206 226 3259 muno
243 3181 420 3282 praedicto
437 3181 615 3256 communi
628 3179 683 3254 vet
701 3180 884 3254 demonum
902 3179 1015 3279 ipsine
1027 3180 1192 3255 nonnae·

124 3298 171 3372 lis
188 3322 258 3373 non
277 3298 324 3372 sit
341 3298 458 3394 eliqua
477 3303 662 3395 apertura,
685 3320 745 3396 pro
764 3297 857 3371 omni
875 3296 1033 3372 aedisseio
1056 3297 1182 3373 domus

125 3414 202 3488 sine
218 3413 387 3490 foramine
404 3420 441 3488 et
457 3413 623 3512 sporeitia
641 3435 684 3487 ex
699 3421 845 3509 utraque
858 3420 969 3512 parte,
985 3419 1022 3486 et
1034 3421 1182 3510 uterque

127 3531 295 3628 ipsorum,
315 3531 345 3605 si
362 3553 506 3605 neeesse
524 3527 642 3618 fuerit,
661 3530 772 3626 possit
788 3530 1047 3628 apprehendere
1066 3529 1180 3628 nepita

126 3650 265 3727 trabum
282 3652 318 3726 in
334 3653 409 3752 ipso
427 3675 527 3726 muro
544 3652 723 3726 communi
742 3675 803 3750 pro
819 3651 1123 3741 eornmntilitete,
1144 3658 1182 3726 et

128 3767 314 3842 aseendere
332 3768 368 3842 in
382 3768 492 3843 altum
506 3791 568 3866 pne
581 3770 674 3842 omni
689 3769 850 3844 nedifieio
864 3770 992 3845 domus·
1002 3793 1087 3844 suae
1103 3768 1179 3841 sine

127 3884 296 3960 toramine
313 3891 350 3959 et
365 3881 546 3983 spernitis:
563 3886 724 3959 tamensi
740 3909 859 3961 munus
873 3894 927 3960 est
941 3887 1078 3985 proprie
1094 3907 1178 3980 enn-

129 4001 252 4088 finalie,
272 4002 345 4090 itte,
366 4001 425 4098 qui
443 4000 518 4076 vult
534 4003 807 4099 apprehendens,
823 4011 986 4077 teneatur
1003 4003 1086 4076 dane
1105 4024 1181 4077 me·

130 4119 293 4194 dietatem
318 4139 545 4216 expensarum
564 4117 732 4194 factarum
750 4120 891 4194 domino
909 4121 993 4194 dieti
1013 4121 1103 4218 mnri
1122 4143 1180 4196 se·
