<?xml version="1.0" encoding="UTF-8"?>
<!DOCTYPE html PUBLIC "-//W3C//DTD XHTML 1.0 Transitional//EN"
    "http://www.w3.org/TR/xhtml1/DTD/xhtml1-transitional.dtd">
<html xmlns="http://www.w3.org/1999/xhtml" xml:lang="en" lang="en">
 <head>
  <title>
</title>
<meta http-equiv="Content-Type" content="text/html;charset=utf-8" />
  <meta name='ocr-system' content='tesseract 3.04.00' />
  <meta name='ocr-capabilities' content='ocr_page ocr_carea ocr_par ocr_line ocrx_word'/>
</head>
<body>
  <div class='ocr_page' id='page_1' title='image "./leconsuetudinid00volpgoog_0042.png"; bbox 0 0 3116 5214; ppageno 0'>
   <div class='ocr_carea' id='block_1_1' title="bbox 593 463 769 537">
    <p class='ocr_par' dir='ltr' id='par_1_1' title="bbox 593 463 769 537">
     <span class='ocr_line' id='line_1_1' title="bbox 593 463 769 537; baseline -0.006 -18"><span class='ocrx_word' id='word_1_1' title='bbox 593 463 769 537; x_wconf 73' lang='lat'><strong>..37-</strong></span> 
     </span>
    </p>
   </div>
   <div class='ocr_carea' id='block_1_2' title="bbox 153 594 1205 698">
    <p class='ocr_par' dir='ltr' id='par_1_2' title="bbox 153 594 1205 698">
     <span class='ocr_line' id='line_1_2' title="bbox 153 594 1205 698; baseline -0.013 -18"><span class='ocrx_word' id='word_1_2' title='bbox 153 605 389 690; x_wconf 87' lang='lat' dir='ltr'>mendacium,</span> <span class='ocrx_word' id='word_1_3' title='bbox 414 603 486 677; x_wconf 91' lang='lat' dir='ltr'>sive</span> <span class='ocrx_word' id='word_1_4' title='bbox 511 600 631 676; x_wconf 91' lang='lat' dir='ltr'>dolum</span> <span class='ocrx_word' id='word_1_5' title='bbox 654 599 764 698; x_wconf 88' lang='lat' dir='ltr'>ipsius</span> <span class='ocrx_word' id='word_1_6' title='bbox 788 594 950 693; x_wconf 86' lang='lat' dir='ltr'>inquilini</span> <span class='ocrx_word' id='word_1_7' title='bbox 976 594 1130 692; x_wconf 89' lang='lat' dir='ltr'>partiarii</span> <span class='ocrx_word' id='word_1_8' title='bbox 1149 595 1205 667; x_wconf 91' lang='lat' dir='ltr'>vel</span> 
     </span>
    </p>
   </div>
   <div class='ocr_carea' id='block_1_3' title="bbox 151 719 824 905">
    <p class='ocr_par' dir='ltr' id='par_1_3' title="bbox 151 719 824 905">
     <span class='ocr_line' id='line_1_3' title="bbox 151 719 282 806; baseline -0.008 -13"><span class='ocrx_word' id='word_1_9' title='bbox 151 719 282 806; x_wconf 73' lang='lat' dir='ltr'>coloni,</span> 
     </span>
     <span class='ocr_line' id='line_1_4' title="bbox 535 828 824 905; baseline -0.017 0"><span class='ocrx_word' id='word_1_10' title='bbox 535 830 692 905; x_wconf 82' lang='lat' dir='ltr'>Ruenrca</span> <span class='ocrx_word' id='word_1_11' title='bbox 707 828 824 901; x_wconf 89' lang='lat' dir='ltr'>XVlll.</span> 
     </span>
    </p>
   </div>
   <div class='ocr_carea' id='block_1_4' title="bbox 439 1067 914 1142">
    <p class='ocr_par' dir='ltr' id='par_1_4' title="bbox 439 1067 914 1142">
     <span class='ocr_line' id='line_1_5' title="bbox 439 1067 914 1142; baseline -0.011 -1"><span class='ocrx_word' id='word_1_12' title='bbox 439 1067 488 1141; x_wconf 83' lang='lat' dir='ltr'>Dc</span> <span class='ocrx_word' id='word_1_13' title='bbox 504 1068 686 1142; x_wconf 78' lang='lat' dir='ltr'>testimonio</span> <span class='ocrx_word' id='word_1_14' title='bbox 703 1067 914 1138; x_wconf 80' lang='lat' dir='ltr'>rusticorum.</span> 
     </span>
    </p>
   </div>
   <div class='ocr_carea' id='block_1_5' title="bbox 144 1299 1207 4200">
    <p class='ocr_par' dir='ltr' id='par_1_5' title="bbox 144 1299 1207 3961">
     <span class='ocr_line' id='line_1_6' title="bbox 199 1299 1203 1391; baseline -0.009 -11"><span class='ocrx_word' id='word_1_15' title='bbox 199 1305 236 1380; x_wconf 91' lang='lat' dir='ltr'>Si</span> <span class='ocrx_word' id='word_1_16' title='bbox 255 1303 407 1378; x_wconf 89' lang='lat' dir='ltr'>rusticus</span> <span class='ocrx_word' id='word_1_17' title='bbox 430 1302 485 1378; x_wconf 91' lang='lat' dir='ltr'>vel</span> <span class='ocrx_word' id='word_1_18' title='bbox 508 1301 659 1375; x_wconf 78' lang='lat' dir='ltr'>villanus</span> <span class='ocrx_word' id='word_1_19' title='bbox 681 1309 809 1374; x_wconf 87' lang='lat' dir='ltr'>terram</span> <span class='ocrx_word' id='word_1_20' title='bbox 824 1353 842 1391; x_wconf 27' lang='lat' dir='ltr'>,s</span> <span class='ocrx_word' id='word_1_21' title='bbox 859 1299 1026 1385; x_wconf 92' lang='lat' dir='ltr'>lundum,</span> <span class='ocrx_word' id='word_1_22' title='bbox 1052 1299 1108 1372; x_wconf 93' lang='lat' dir='ltr'>vel</span> <span class='ocrx_word' id='word_1_23' title='bbox 1130 1321 1203 1372; x_wconf 90' lang='lat' dir='ltr'>rem</span> 
     </span>
     <span class='ocr_line' id='line_1_7' title="bbox 153 1415 1206 1514; baseline -0.007 -21"><span class='ocrx_word' id='word_1_24' title='bbox 153 1422 256 1494; x_wconf 88' lang='lat' dir='ltr'>aliam</span> <span class='ocrx_word' id='word_1_25' title='bbox 272 1420 484 1493; x_wconf 87' lang='lat' dir='ltr'>immobilem</span> <span class='ocrx_word' id='word_1_26' title='bbox 499 1418 831 1514; x_wconf 88' lang='lat' dir='ltr'>tenens,impetatur</span> <span class='ocrx_word' id='word_1_27' title='bbox 843 1416 885 1489; x_wconf 93' lang='lat' dir='ltr'>ab</span> <span class='ocrx_word' id='word_1_28' title='bbox 900 1417 1015 1511; x_wconf 91' lang='lat' dir='ltr'>aliquo</span> <span class='ocrx_word' id='word_1_29' title='bbox 1033 1415 1108 1491; x_wconf 87' lang='lat' dir='ltr'>cive</span> <span class='ocrx_word' id='word_1_30' title='bbox 1122 1415 1206 1490; x_wconf 86' lang='lat' dir='ltr'>Sur·</span> 
     </span>
     <span class='ocr_line' id='line_1_8' title="bbox 151 1531 1207 1630; baseline -0.006 -20"><span class='ocrx_word' id='word_1_31' title='bbox 151 1537 241 1612; x_wconf 91' lang='lat' dir='ltr'>renti</span> <span class='ocrx_word' id='word_1_32' title='bbox 259 1537 396 1609; x_wconf 79' lang='lat' dir='ltr'>dicente</span> <span class='ocrx_word' id='word_1_33' title='bbox 414 1559 485 1608; x_wconf 94' lang='lat' dir='ltr'>rem</span> <span class='ocrx_word' id='word_1_34' title='bbox 504 1534 612 1630; x_wconf 86' lang='lat' dir='ltr'>ipsam</span> <span class='ocrx_word' id='word_1_35' title='bbox 630 1533 856 1618; x_wconf 87' lang='lat' dir='ltr'>immobilem,</span> <span class='ocrx_word' id='word_1_36' title='bbox 878 1533 919 1604; x_wconf 93' lang='lat' dir='ltr'>de</span> <span class='ocrx_word' id='word_1_37' title='bbox 939 1556 1005 1627; x_wconf 93' lang='lat' dir='ltr'>qua</span> <span class='ocrx_word' id='word_1_38' title='bbox 1029 1531 1207 1628; x_wconf 90' lang='lat' dir='ltr'>impetitur</span> 
     </span>
     <span class='ocr_line' id='line_1_9' title="bbox 152 1648 1205 1747; baseline -0.005 -22"><span class='ocrx_word' id='word_1_39' title='bbox 152 1653 303 1725; x_wconf 87' lang='lat' dir='ltr'>rusticus</span> <span class='ocrx_word' id='word_1_40' title='bbox 321 1652 375 1724; x_wconf 91' lang='lat' dir='ltr'>vel</span> <span class='ocrx_word' id='word_1_41' title='bbox 390 1652 552 1736; x_wconf 85' lang='lat' dir='ltr'>villanus,</span> <span class='ocrx_word' id='word_1_42' title='bbox 569 1650 611 1722; x_wconf 91' lang='lat' dir='ltr'>ad</span> <span class='ocrx_word' id='word_1_43' title='bbox 626 1673 662 1722; x_wconf 92' lang='lat' dir='ltr'>se</span> <span class='ocrx_word' id='word_1_44' title='bbox 672 1652 751 1747; x_wconf 75' lang='lat' dir='ltr'>Juro</span> <span class='ocrx_word' id='word_1_45' title='bbox 763 1649 909 1721; x_wconf 91' lang='lat' dir='ltr'>dominii</span> <span class='ocrx_word' id='word_1_46' title='bbox 924 1648 978 1722; x_wconf 91' lang='lat' dir='ltr'>vel</span> <span class='ocrx_word' id='word_1_47' title='bbox 993 1649 1092 1744; x_wconf 85' lang='lat' dir='ltr'>quasi</span> <span class='ocrx_word' id='word_1_48' title='bbox 1107 1671 1205 1744; x_wconf 89' lang='lat' dir='ltr'>spec·</span> 
     </span>
     <span class='ocr_line' id='line_1_10' title="bbox 149 1766 1207 1867; baseline -0.007 -24"><span class='ocrx_word' id='word_1_49' title='bbox 149 1780 244 1859; x_wconf 90' lang='lat' dir='ltr'>tare,</span> <span class='ocrx_word' id='word_1_50' title='bbox 269 1777 305 1844; x_wconf 88' lang='lat' dir='ltr'>et</span> <span class='ocrx_word' id='word_1_51' title='bbox 326 1771 411 1849; x_wconf 89' lang='lat' dir='ltr'>civis</span> <span class='ocrx_word' id='word_1_52' title='bbox 433 1771 506 1867; x_wconf 89' lang='lat' dir='ltr'>ipse</span> <span class='ocrx_word' id='word_1_53' title='bbox 530 1769 671 1866; x_wconf 87' lang='lat' dir='ltr'>probat,</span> <span class='ocrx_word' id='word_1_54' title='bbox 692 1770 782 1864; x_wconf 94' lang='lat' dir='ltr'>quod</span> <span class='ocrx_word' id='word_1_55' title='bbox 802 1768 876 1865; x_wconf 87' lang='lat' dir='ltr'>ipse</span> <span class='ocrx_word' id='word_1_56' title='bbox 894 1766 1046 1838; x_wconf 87' lang='lat' dir='ltr'>rusticus</span> <span class='ocrx_word' id='word_1_57' title='bbox 1072 1766 1127 1840; x_wconf 90' lang='lat' dir='ltr'>vel</span> <span class='ocrx_word' id='word_1_58' title='bbox 1145 1789 1207 1837; x_wconf 91' lang='lat' dir='ltr'>an·</span> 
     </span>
     <span class='ocr_line' id='line_1_11' title="bbox 150 1883 1206 1982; baseline -0.009 -21"><span class='ocrx_word' id='word_1_59' title='bbox 150 1895 341 1961; x_wconf 84' lang='lat' dir='ltr'>lecessores</span> <span class='ocrx_word' id='word_1_60' title='bbox 360 1887 482 1960; x_wconf 76' lang='lat' dir='ltr'>rustici</span> <span class='ocrx_word' id='word_1_61' title='bbox 500 1887 613 1959; x_wconf 89' lang='lat' dir='ltr'>eidem</span> <span class='ocrx_word' id='word_1_62' title='bbox 631 1885 760 1982; x_wconf 88' lang='lat' dir='ltr'>petenti</span> <span class='ocrx_word' id='word_1_63' title='bbox 776 1885 832 1959; x_wconf 91' lang='grc'>331</span> <span class='ocrx_word' id='word_1_64' title='bbox 850 1883 1129 1956; x_wconf 76' lang='lat' dir='ltr'>antecessoribus</span> <span class='ocrx_word' id='word_1_65' title='bbox 1147 1905 1206 1977; x_wconf 92' lang='lat' dir='ltr'>pe-</span> 
     </span>
     <span class='ocr_line' id='line_1_12' title="bbox 149 1999 1205 2099; baseline -0.005 -24"><span class='ocrx_word' id='word_1_66' title='bbox 149 2005 255 2077; x_wconf 87' lang='lat' dir='ltr'>tentis</span> <span class='ocrx_word' id='word_1_67' title='bbox 279 2025 497 2099; x_wconf 90' lang='lat' dir='ltr'>quocumque</span> <span class='ocrx_word' id='word_1_68' title='bbox 519 2009 673 2098; x_wconf 91' lang='lat' dir='ltr'>tempore</span> <span class='ocrx_word' id='word_1_69' title='bbox 696 2001 738 2074; x_wconf 90' lang='lat' dir='ltr'>de</span> <span class='ocrx_word' id='word_1_70' title='bbox 760 2025 796 2072; x_wconf 90' lang='lat' dir='ltr'>re</span> <span class='ocrx_word' id='word_1_71' title='bbox 814 2001 889 2096; x_wconf 91' lang='lat' dir='ltr'>ipsa</span> <span class='ocrx_word' id='word_1_72' title='bbox 906 1999 1077 2071; x_wconf 92' lang='lat' dir='ltr'>immobili</span> <span class='ocrx_word' id='word_1_73' title='bbox 1097 2000 1205 2070; x_wconf 88' lang='lat' dir='ltr'>semel</span> 
     </span>
     <span class='ocr_line' id='line_1_13' title="bbox 149 2115 1204 2222; baseline -0.007 -30"><span class='ocrx_word' id='word_1_74' title='bbox 149 2120 276 2222; x_wconf 85' lang='lat' dir='ltr'>saltem</span> <span class='ocrx_word' id='word_1_75' title='bbox 293 2120 494 2216; x_wconf 90' lang='lat' dir='ltr'>pensionem</span> <span class='ocrx_word' id='word_1_76' title='bbox 512 2118 697 2213; x_wconf 90' lang='lat' dir='ltr'>praestitit,</span> <span class='ocrx_word' id='word_1_77' title='bbox 712 2118 764 2189; x_wconf 91' lang='grc'>331</span> <span class='ocrx_word' id='word_1_78' title='bbox 781 2117 890 2188; x_wconf 89' lang='lat' dir='ltr'>semel</span> <span class='ocrx_word' id='word_1_79' title='bbox 909 2117 950 2186; x_wconf 91' lang='lat' dir='ltr'>de</span> <span class='ocrx_word' id='word_1_80' title='bbox 965 2115 1136 2187; x_wconf 84' lang='lat' dir='ltr'>fructibus</span> <span class='ocrx_word' id='word_1_81' title='bbox 1152 2137 1204 2185; x_wconf 89' lang='lat' dir='ltr'>re-</span> 
     </span>
     <span class='ocr_line' id='line_1_14' title="bbox 149 2230 1203 2333; baseline -0.006 -25"><span class='ocrx_word' id='word_1_82' title='bbox 149 2236 306 2333; x_wconf 90' lang='lat' dir='ltr'>spondit,</span> <span class='ocrx_word' id='word_1_83' title='bbox 331 2237 386 2310; x_wconf 91' lang='grc'>331</span> <span class='ocrx_word' id='word_1_84' title='bbox 414 2235 443 2306; x_wconf 89' lang='grc'>31</span> <span class='ocrx_word' id='word_1_85' title='bbox 467 2235 620 2308; x_wconf 90' lang='lat' dir='ltr'>rusticus</span> <span class='ocrx_word' id='word_1_86' title='bbox 643 2234 697 2306; x_wconf 92' lang='lat' dir='ltr'>vel</span> <span class='ocrx_word' id='word_1_87' title='bbox 721 2241 959 2305; x_wconf 77' lang='lat' dir='ltr'>antecessores</span> <span class='ocrx_word' id='word_1_88' title='bbox 982 2231 1036 2304; x_wconf 94' lang='grc'>331</span> <span class='ocrx_word' id='word_1_89' title='bbox 1061 2230 1103 2302; x_wconf 89' lang='lat' dir='ltr'>ab</span> <span class='ocrx_word' id='word_1_90' title='bbox 1128 2232 1203 2326; x_wconf 92' lang='lat' dir='ltr'>ipso</span> 
     </span>
     <span class='ocr_line' id='line_1_15' title="bbox 149 2345 1207 2447; baseline -0.004 -24"><span class='ocrx_word' id='word_1_91' title='bbox 149 2351 389 2447; x_wconf 89' lang='lat' dir='ltr'>quaestionem</span> <span class='ocrx_word' id='word_1_92' title='bbox 413 2348 583 2421; x_wconf 88' lang='lat' dir='ltr'>referente</span> <span class='ocrx_word' id='word_1_93' title='bbox 607 2347 720 2419; x_wconf 86' lang='lat' dir='ltr'>tenuit</span> <span class='ocrx_word' id='word_1_94' title='bbox 743 2347 784 2417; x_wconf 92' lang='lat' dir='ltr'>ad</span> <span class='ocrx_word' id='word_1_95' title='bbox 801 2345 1003 2442; x_wconf 87' lang='lat' dir='ltr'>pensionem</span> <span class='ocrx_word' id='word_1_96' title='bbox 1022 2347 1076 2420; x_wconf 91' lang='lat' dir='ltr'>vel</span> <span class='ocrx_word' id='word_1_97' title='bbox 1096 2347 1138 2417; x_wconf 92' lang='lat' dir='ltr'>ad</span> <span class='ocrx_word' id='word_1_98' title='bbox 1157 2347 1207 2419; x_wconf 92' lang='lat' dir='ltr'>la·</span> 
     </span>
     <span class='ocr_line' id='line_1_16' title="bbox 148 2464 1206 2561; baseline -0.005 -21"><span class='ocrx_word' id='word_1_99' title='bbox 148 2467 356 2553; x_wconf 85' lang='lat' dir='ltr'>horandum,</span> <span class='ocrx_word' id='word_1_100' title='bbox 375 2466 430 2538; x_wconf 92' lang='grc'>331</span> <span class='ocrx_word' id='word_1_101' title='bbox 444 2465 565 2561; x_wconf 89' lang='lat' dir='ltr'>probat</span> <span class='ocrx_word' id='word_1_102' title='bbox 579 2487 639 2561; x_wconf 90' lang='lat' dir='ltr'>per</span> <span class='ocrx_word' id='word_1_103' title='bbox 653 2464 883 2536; x_wconf 87' lang='lat' dir='ltr'>instrumenta</span> <span class='ocrx_word' id='word_1_104' title='bbox 898 2485 972 2548; x_wconf 89' lang='lat' dir='ltr'>sua,</span> <span class='ocrx_word' id='word_1_105' title='bbox 988 2464 1206 2542; x_wconf 83' lang='grc'><strong>3133133133-</strong></span> 
     </span>
     <span class='ocr_line' id='line_1_17' title="bbox 149 2581 1203 2679; baseline -0.003 -22"><span class='ocrx_word' id='word_1_106' title='bbox 149 2591 283 2671; x_wconf 89' lang='lat' dir='ltr'>menta,</span> <span class='ocrx_word' id='word_1_107' title='bbox 304 2605 391 2679; x_wconf 91' lang='grc'><strong>3333</strong></span> <span class='ocrx_word' id='word_1_108' title='bbox 416 2584 579 2656; x_wconf 92' lang='lat' dir='ltr'>dicuntur</span> <span class='ocrx_word' id='word_1_109' title='bbox 604 2582 765 2667; x_wconf 92' lang='lat' dir='ltr'>notitiae,</span> <span class='ocrx_word' id='word_1_110' title='bbox 788 2581 879 2654; x_wconf 89' lang='lat' dir='ltr'>inter</span> <span class='ocrx_word' id='word_1_111' title='bbox 900 2604 937 2653; x_wconf 89' lang='lat' dir='ltr'>se</span> <span class='ocrx_word' id='word_1_112' title='bbox 956 2587 991 2652; x_wconf 93' lang='lat' dir='ltr'>et</span> <span class='ocrx_word' id='word_1_113' title='bbox 1008 2582 1096 2662; x_wconf 89' lang='lat' dir='ltr'>alios</span> <span class='ocrx_word' id='word_1_114' title='bbox 1113 2589 1203 2669; x_wconf 91' lang='lat' dir='ltr'>acta,</span> 
     </span>
     <span class='ocr_line' id='line_1_18' title="bbox 148 2699 1204 2785; baseline -0.006 -7"><span class='ocrx_word' id='word_1_115' title='bbox 148 2704 205 2778; x_wconf 90' lang='lat' dir='ltr'>vel</span> <span class='ocrx_word' id='word_1_116' title='bbox 228 2703 459 2775; x_wconf 87' lang='lat' dir='ltr'>instrumenta</span> <span class='ocrx_word' id='word_1_117' title='bbox 482 2701 676 2774; x_wconf 92' lang='lat' dir='ltr'>vicinorum</span> <span class='ocrx_word' id='word_1_118' title='bbox 699 2699 901 2772; x_wconf 78' lang='lat' dir='ltr'>habentium</span> <span class='ocrx_word' id='word_1_119' title='bbox 922 2706 1052 2785; x_wconf 86' lang='lat' dir='ltr'>terras,</span> <span class='ocrx_word' id='word_1_120' title='bbox 1078 2700 1204 2772; x_wconf 85' lang='lat' dir='ltr'>fundos</span> 
     </span>
     <span class='ocr_line' id='line_1_19' title="bbox 149 2814 1206 2911; baseline -0.002 -21"><span class='ocrx_word' id='word_1_121' title='bbox 149 2818 205 2890; x_wconf 91' lang='lat' dir='ltr'>vel</span> <span class='ocrx_word' id='word_1_122' title='bbox 228 2819 347 2890; x_wconf 87' lang='lat' dir='ltr'>domos</span> <span class='ocrx_word' id='word_1_123' title='bbox 370 2817 501 2892; x_wconf 89' lang='lat' dir='ltr'>vicinas</span> <span class='ocrx_word' id='word_1_124' title='bbox 519 2817 588 2902; x_wconf 91' lang='lat' dir='ltr'>rei,</span> <span class='ocrx_word' id='word_1_125' title='bbox 609 2817 651 2888; x_wconf 87' lang='lat' dir='ltr'>de</span> <span class='ocrx_word' id='word_1_126' title='bbox 670 2839 736 2911; x_wconf 91' lang='lat' dir='ltr'>qua</span> <span class='ocrx_word' id='word_1_127' title='bbox 754 2814 903 2887; x_wconf 81' lang='lat' dir='ltr'>retertur</span> <span class='ocrx_word' id='word_1_128' title='bbox 920 2817 1094 2911; x_wconf 88' lang='lat' dir='ltr'>quaestio,</span> <span class='ocrx_word' id='word_1_129' title='bbox 1115 2817 1206 2888; x_wconf 89' lang='lat' dir='ltr'>desi·</span> 
     </span>
     <span class='ocr_line' id='line_1_20' title="bbox 149 2932 1204 3030; baseline 0.001 -25"><span class='ocrx_word' id='word_1_130' title='bbox 149 2935 289 3030; x_wconf 81' lang='lat' dir='ltr'>guantia</span> <span class='ocrx_word' id='word_1_131' title='bbox 303 2933 338 3006; x_wconf 92' lang='lat' dir='ltr'>in</span> <span class='ocrx_word' id='word_1_132' title='bbox 350 2932 642 3006; x_wconf 86' lang='lat' dir='ltr'>demonstratione</span> <span class='ocrx_word' id='word_1_133' title='bbox 650 2955 712 3004; x_wconf 91' lang='lat' dir='ltr'>seu</span> <span class='ocrx_word' id='word_1_134' title='bbox 721 2932 959 3028; x_wconf 81' lang='lat' dir='ltr'>designatione</span> <span class='ocrx_word' id='word_1_135' title='bbox 969 2933 1102 3020; x_wconf 87' lang='lat' dir='ltr'>linium,</span> <span class='ocrx_word' id='word_1_136' title='bbox 1112 2935 1204 3029; x_wconf 92' lang='lat' dir='ltr'>quod</span> 
     </span>
     <span class='ocr_line' id='line_1_21' title="bbox 149 3047 1201 3147; baseline -0.001 -26"><span class='ocrx_word' id='word_1_137' title='bbox 149 3073 206 3121; x_wconf 90' lang='lat' dir='ltr'>res</span> <span class='ocrx_word' id='word_1_138' title='bbox 223 3050 309 3147; x_wconf 88' lang='lat' dir='ltr'>ipsa,</span> <span class='ocrx_word' id='word_1_139' title='bbox 326 3049 368 3120; x_wconf 95' lang='lat' dir='ltr'>de</span> <span class='ocrx_word' id='word_1_140' title='bbox 382 3072 448 3143; x_wconf 93' lang='grc'>333</span> <span class='ocrx_word' id='word_1_141' title='bbox 468 3054 521 3119; x_wconf 88' lang='grc'>331</span> <span class='ocrx_word' id='word_1_142' title='bbox 537 3047 707 3144; x_wconf 89' lang='lat' dir='ltr'>quaestio,</span> <span class='ocrx_word' id='word_1_143' title='bbox 724 3048 770 3119; x_wconf 90' lang='lat' dir='ltr'>sit</span> <span class='ocrx_word' id='word_1_144' title='bbox 783 3050 857 3144; x_wconf 86' lang='lat' dir='ltr'>ejus</span> <span class='ocrx_word' id='word_1_145' title='bbox 871 3048 924 3121; x_wconf 92' lang='grc'>331</span> <span class='ocrx_word' id='word_1_146' title='bbox 941 3057 1201 3134; x_wconf 73' lang='lat' dir='ltr'>autecessorum</span> 
     </span>
     <span class='ocr_line' id='line_1_22' title="bbox 149 3166 1203 3265; baseline 0.002 -27"><span class='ocrx_word' id='word_1_147' title='bbox 149 3169 271 3265; x_wconf 91' lang='lat' dir='ltr'>ipsius,</span> <span class='ocrx_word' id='word_1_148' title='bbox 292 3170 350 3263; x_wconf 93' lang='lat' dir='ltr'>qui</span> <span class='ocrx_word' id='word_1_149' title='bbox 369 3168 474 3240; x_wconf 83' lang='lat' dir='ltr'>refert</span> <span class='ocrx_word' id='word_1_150' title='bbox 491 3168 622 3240; x_wconf 90' lang='lat' dir='ltr'>rustico</span> <span class='ocrx_word' id='word_1_151' title='bbox 640 3166 694 3240; x_wconf 92' lang='lat' dir='ltr'>vel</span> <span class='ocrx_word' id='word_1_152' title='bbox 712 3167 841 3239; x_wconf 90' lang='lat' dir='ltr'>villano</span> <span class='ocrx_word' id='word_1_153' title='bbox 860 3167 1115 3261; x_wconf 91' lang='lat' dir='ltr'>quaestionem,</span> <span class='ocrx_word' id='word_1_154' title='bbox 1134 3193 1203 3240; x_wconf 89' lang='lat' dir='ltr'>non</span> 
     </span>
     <span class='ocr_line' id='line_1_23' title="bbox 149 3281 1204 3378; baseline 0.003 -26"><span class='ocrx_word' id='word_1_155' title='bbox 149 3282 305 3355; x_wconf 89' lang='lat' dir='ltr'>obstante</span> <span class='ocrx_word' id='word_1_156' title='bbox 321 3281 590 3377; x_wconf 88' lang='lat' dir='ltr'>praescriptione</span> <span class='ocrx_word' id='word_1_157' title='bbox 605 3281 709 3352; x_wconf 89' lang='lat' dir='ltr'>etiam</span> <span class='ocrx_word' id='word_1_158' title='bbox 729 3281 921 3376; x_wconf 79' lang='lat' dir='ltr'>longissimi</span> <span class='ocrx_word' id='word_1_159' title='bbox 938 3283 1114 3377; x_wconf 88' lang='lat' dir='ltr'>temporis,</span> <span class='ocrx_word' id='word_1_160' title='bbox 1125 3307 1204 3378; x_wconf 91' lang='lat' dir='ltr'>pos·</span> 
     </span>
     <span class='ocr_line' id='line_1_24' title="bbox 149 3397 1203 3495; baseline 0.001 -24"><span class='ocrx_word' id='word_1_161' title='bbox 149 3400 257 3472; x_wconf 89' lang='lat' dir='ltr'>sessio</span> <span class='ocrx_word' id='word_1_162' title='bbox 276 3399 373 3470; x_wconf 92' lang='lat' dir='ltr'>illius</span> <span class='ocrx_word' id='word_1_163' title='bbox 392 3398 442 3470; x_wconf 89' lang='lat' dir='ltr'>rei</span> <span class='ocrx_word' id='word_1_164' title='bbox 461 3397 649 3470; x_wconf 88' lang='lat' dir='ltr'>immobilis</span> <span class='ocrx_word' id='word_1_165' title='bbox 663 3400 881 3495; x_wconf 83' lang='lat' dir='ltr'>adjudicatur</span> <span class='ocrx_word' id='word_1_166' title='bbox 895 3398 961 3473; x_wconf 88' lang='lat' dir='ltr'>civi</span> <span class='ocrx_word' id='word_1_167' title='bbox 975 3400 1118 3494; x_wconf 92' lang='lat' dir='ltr'>petenti,</span> <span class='ocrx_word' id='word_1_168' title='bbox 1135 3399 1203 3472; x_wconf 89' lang='lat' dir='ltr'>nisi</span> 
     </span>
     <span class='ocr_line' id='line_1_25' title="bbox 149 3514 1205 3612; baseline 0.001 -24"><span class='ocrx_word' id='word_1_169' title='bbox 149 3518 301 3589; x_wconf 89' lang='lat' dir='ltr'>rusticus</span> <span class='ocrx_word' id='word_1_170' title='bbox 314 3516 369 3592; x_wconf 92' lang='lat' dir='ltr'>vel</span> <span class='ocrx_word' id='word_1_171' title='bbox 385 3515 536 3590; x_wconf 89' lang='lat' dir='ltr'>villanus</span> <span class='ocrx_word' id='word_1_172' title='bbox 550 3538 632 3588; x_wconf 90' lang='grc'><strong>3333</strong></span> <span class='ocrx_word' id='word_1_173' title='bbox 650 3514 879 3612; x_wconf 89' lang='lat' dir='ltr'>possessionis</span> <span class='ocrx_word' id='word_1_174' title='bbox 897 3515 1040 3588; x_wconf 85' lang='lat' dir='ltr'>titulum</span> <span class='ocrx_word' id='word_1_175' title='bbox 1061 3517 1205 3589; x_wconf 90' lang='lat' dir='ltr'>demon·</span> 
     </span>
     <span class='ocr_line' id='line_1_26' title="bbox 149 3631 1203 3730; baseline 0.002 -26"><span class='ocrx_word' id='word_1_176' title='bbox 149 3638 237 3704; x_wconf 88' lang='lat' dir='ltr'>stret</span> <span class='ocrx_word' id='word_1_177' title='bbox 248 3655 309 3728; x_wconf 91' lang='lat' dir='ltr'>per</span> <span class='ocrx_word' id='word_1_178' title='bbox 326 3631 463 3728; x_wconf 87' lang='lat' dir='ltr'>publica</span> <span class='ocrx_word' id='word_1_179' title='bbox 482 3632 726 3703; x_wconf 90' lang='lat' dir='ltr'>instrumenta:</span> <span class='ocrx_word' id='word_1_180' title='bbox 748 3637 832 3704; x_wconf 88' lang='lat' dir='ltr'>tuno</span> <span class='ocrx_word' id='word_1_181' title='bbox 849 3631 941 3702; x_wconf 89' lang='lat' dir='ltr'>enim</span> <span class='ocrx_word' id='word_1_182' title='bbox 955 3631 1053 3704; x_wconf 90' lang='lat' dir='ltr'>locus</span> <span class='ocrx_word' id='word_1_183' title='bbox 1067 3641 1120 3705; x_wconf 90' lang='lat' dir='ltr'>est</span> <span class='ocrx_word' id='word_1_184' title='bbox 1130 3635 1203 3730; x_wconf 86' lang='lat' dir='ltr'>juri</span> 
     </span>
     <span class='ocr_line' id='line_1_27' title="bbox 150 3748 1201 3848; baseline 0.003 -26"><span class='ocrx_word' id='word_1_185' title='bbox 150 3748 595 3822; x_wconf 85' lang='lat' dir='ltr'>communi.Verumtamen</span> <span class='ocrx_word' id='word_1_186' title='bbox 614 3751 822 3846; x_wconf 86' lang='lat' dir='ltr'>adjudicatio</span> <span class='ocrx_word' id='word_1_187' title='bbox 847 3751 1075 3845; x_wconf 88' lang='lat' dir='ltr'>possessionis</span> <span class='ocrx_word' id='word_1_188' title='bbox 1090 3753 1201 3848; x_wconf 89' lang='lat' dir='ltr'>ipsius</span> 
     </span>
     <span class='ocr_line' id='line_1_28' title="bbox 144 3865 871 3961; baseline 0.001 -22"><span class='ocrx_word' id='word_1_189' title='bbox 144 3866 216 3961; x_wconf 86' lang='lat' dir='ltr'>juri</span> <span class='ocrx_word' id='word_1_190' title='bbox 236 3865 455 3961; x_wconf 88' lang='lat' dir='ltr'>proprietatis</span> <span class='ocrx_word' id='word_1_191' title='bbox 473 3865 616 3938; x_wconf 89' lang='lat' dir='ltr'>alterins</span> <span class='ocrx_word' id='word_1_192' title='bbox 634 3890 703 3938; x_wconf 90' lang='lat' dir='ltr'>non</span> <span class='ocrx_word' id='word_1_193' title='bbox 722 3867 871 3940; x_wconf 88' lang='lat' dir='ltr'>obsistit.</span> 
     </span>
    </p>

    <p class='ocr_par' dir='ltr' id='par_1_6' title="bbox 148 3982 1204 4200">
     <span class='ocr_line' id='line_1_29' title="bbox 195 3982 1204 4084; baseline 0.008 -30"><span class='ocrx_word' id='word_1_194' title='bbox 195 3983 413 4076; x_wconf 80' lang='lat' dir='ltr'>Quicumque</span> <span class='ocrx_word' id='word_1_195' title='bbox 430 3982 562 4055; x_wconf 86' lang='lat' dir='ltr'>habens</span> <span class='ocrx_word' id='word_1_196' title='bbox 579 3989 706 4056; x_wconf 88' lang='lat' dir='ltr'>terram</span> <span class='ocrx_word' id='word_1_197' title='bbox 720 3986 892 4080; x_wconf 88' lang='lat' dir='ltr'>propriam</span> <span class='ocrx_word' id='word_1_198' title='bbox 911 3985 1034 4084; x_wconf 91' lang='lat' dir='ltr'>recipit</span> <span class='ocrx_word' id='word_1_199' title='bbox 1047 3987 1089 4058; x_wconf 93' lang='lat' dir='ltr'>ad</span> <span class='ocrx_word' id='word_1_200' title='bbox 1107 3987 1204 4061; x_wconf 90' lang='lat' dir='ltr'>labo·</span> 
     </span>
     <span class='ocr_line' id='line_1_30' title="bbox 148 4101 1202 4200; baseline 0.009 -28"><span class='ocrx_word' id='word_1_201' title='bbox 148 4101 306 4187; x_wconf 87' lang='lat' dir='ltr'>randum,</span> <span class='ocrx_word' id='word_1_202' title='bbox 320 4101 376 4178; x_wconf 90' lang='grc'>331</span> <span class='ocrx_word' id='word_1_203' title='bbox 390 4102 432 4175; x_wconf 92' lang='lat' dir='ltr'>ad</span> <span class='ocrx_word' id='word_1_204' title='bbox 446 4102 649 4198; x_wconf 88' lang='lat' dir='ltr'>pensionem</span> <span class='ocrx_word' id='word_1_205' title='bbox 664 4104 697 4176; x_wconf 93' lang='lat' dir='ltr'>in</span> <span class='ocrx_word' id='word_1_206' title='bbox 713 4106 859 4200; x_wconf 86' lang='lat' dir='ltr'>pecunia</span> <span class='ocrx_word' id='word_1_207' title='bbox 871 4106 925 4179; x_wconf 92' lang='lat' dir='ltr'>vel</span> <span class='ocrx_word' id='word_1_208' title='bbox 943 4106 979 4178; x_wconf 92' lang='lat' dir='ltr'>in</span> <span class='ocrx_word' id='word_1_209' title='bbox 995 4106 1202 4182; x_wconf 90' lang='lat' dir='ltr'>victualibus</span> 
     </span>
    </p>
   </div>
   <div class='ocr_carea' id='block_1_6' title="bbox 0 0 1562 5214">
    <p class='ocr_par' dir='ltr' id='par_1_7' title="bbox 0 0 1562 5214">
     <span class='ocr_line' id='line_1_31' title="bbox 0 0 1562 5214; baseline 0 0"><span class='ocrx_word' id='word_1_210' title='bbox 0 0 1562 5214; x_wconf 95' lang='lat' dir='ltr'> </span> 
     </span>
    </p>
   </div>
  </div>
 </body>
</html>
