3116 5214
615 473 790 547 ..57-

159 610 1217 710 riushominis,quodummruisuresunericusterraemo-

156 731 273 806 lruelis
291 752 351 827 per
368 753 507 828 pessum
525 748 635 805 unum
651 731 695 804 ed
708 729 902 822 minus,et
914 735 950 814 si,
963 734 1046 824 ille,
1066 736 1125 832 qui
1143 738 1218 812 vult

155 847 362 934 aedifioare,
383 853 437 921 est
458 846 629 936 villanus,
649 846 741 944 quod
764 847 875 945 possit
896 852 1077 945 cooperire
1103 852 1146 925 ud
1163 860 1215 928 te·

154 975 250 1040 etum
269 973 407 1040 tantum
424 964 454 1037 si
472 971 527 1038 est
538 987 643 1062 prope
657 964 763 1038 finem
776 966 926 1066 ulioujns
938 968 1025 1044 einis
1040 970 1214 1060 Surrenti,

153 1083 306 1155 maxime
327 1083 357 1155 si
374 1081 467 1156 idem
484 1080 572 1156 nivis
589 1080 694 1154 hehet
709 1080 757 1155 ihi
775 1083 1033 1174 habitaculum,
1056 1086 1104 1160 ite
1123 1088 1215 1185 quod

153 1200 217 1274 ille
235 1200 387 1276 villanus
408 1222 472 1274 seu
489 1198 638 1273 ferensis
659 1222 729 1277 nen
747 1201 856 1296 possit
873 1201 1048 1299 respicere
1066 1203 1103 1276 in
1121 1204 1214 1278 eurti

154 1339 221 1390 seu
244 1339 324 1391 essa
348 1316 432 1390 dieti
450 1313 557 1404 eivis',
578 1315 613 1388 in
632 1338 699 1413 qun
716 1319 939 1394 eonsueverit
955 1320 1082 1393 mereri
1101 1326 1137 1393 et
1153 1319 1215 1394 he·

151 1413 275 1504 bitere.
296 1431 425 1505 Tamen
449 1432 540 1506 inter
560 1431 711 1506 villanos
732 1432 779 1505 sit
792 1432 939 1534 linitum
962 1435 1142 1532 cooperire
1161 1437 1212 1510 di·

151 1557 225 1622 etas
242 1548 362 1620 domos
380 1550 422 1622 ed
440 1555 626 1636 estreeum,
644 1549 699 1624 vel
718 1550 760 1623 nd
778 1556 909 1624 teetum
927 1572 990 1625 seu
1009 1552 1052 1624 ed
1068 1533 1210 1649 aliquod

150 1667 449 1764 cooperimentum
466 1666 541 1740 sine
559 1664 728 1749 toramine
746 1671 782 1740 et
794 1666 870 1740 sine
885 1668 1114 1764 speruitin,-et
1130 1691 1210 1742 eum

148 1792 323 1880 peetoratu
347 1808 391 1858 ex
411 1792 508 1882 perte
525 1783 707 1858 confinalis
724 1784 920 1880 palmorum
938 1791 1017 1861 oeto
1034 1785 1065 1858 si
1086 1786 1145 1860 llet
1162 1785 1211 1860 ibi

148 1905 337 1975 estreeum.

522 2011 678 2089 Remum
695 2014 844 2088 XXXIX.

218 2250 268 2327 De
284 2222 536 2346 testificantium
551 2257 669 2324 eontra
685 2251 942 2324 instrumentum
954 2248 1136 2344 pntlienm.

192 2485 290 2590 Quod
303 2486 424 2562 nullus
437 2489 542 2560 homo
555 2483 665 2581 possit
676 2482 1109 2581 perhiberetestimunium
1120 2509 1205 2562 eon·

144 2613 197 2678 tru
215 2606 489 2679 instrumentum
506 2602 685 2700 publieum
703 2626 766 2676 seu
781 2609 937 2678 tenorem
951 2603 1061 2702 ipsius
1082 2605 1126 2679 ed
1140 2605 1207 2679 mi·

143 2724 340 2813 nuendum,
360 2721 558 2797 addendum
582 2744 644 2796 seu
672 2720 768 2794 aliud
793 2722 999 2797 mutandum
1017 2721 1060 2796 de
1080 2727 1203 2796 tenore

143 2839 266 2937 ipsius;
286 2847 322 2913 et
338 2840 368 2912 si
387 2839 475 2913 sorte
493 2836 664 2936 perhibet,
682 2838 921 2912 testimonium
943 2862 1048 2913 suum
1063 2837 1202 2914 nullum

142 2957 200 3045 sit,
215 2964 250 3030 et
267 2957 536 3028 instrumentum
554 2959 682 3038 ratum,
698 2952 838 3026 lirmum
856 2960 892 3026 et
911 2953 1066 3029 validum
1085 2953 1144 3042 sit,
1165 2962 1202 3029 et

143 3080 279 3147 maneat
295 3080 395 3146 tenor
413 3072 537 3170 ipsine,
556 3067 612 3146 vel
630 3070 736 3142 etiam
754 3070 797 3142 ad
819 3069 1036 3166 probandum
1055 3071 1202 3144 solutio·

142 3215 219 3264 nem
229 3191 398 3287 peeuniee
412 3188 537 3263 lantum
551 3209 694 3282 esseper
708 3193 829 3275 testes,
842 3185 910 3260 nisi
925 3187 1198 3262 instrumentum

141 3308 247 3382 debiti
264 3331 327 3382 seu
345 3306 493 3404 depositi
511 3305 661 3380 innisum
681 3310 844 3402 appareat
867 3304 903 3377 in
920 3303 1081 3380 manibus
1101 3303 1198 3378 deti-

140 3424 238 3500 toris.
582 3499 584 3506 ,

545 3537 701 3616 llu'nnrm
718 3540 788 3616 XL.

164 3776 206 3850 ln
221 3749 383 3872 puentnm
398 3774 519 3849 rmtim
532 3755 777 3850 snernmentnm
792 3776 903 3854 eonor
917 3787 1036 3854 eontra
1051 3781 1165 3854 niuem.

183 4011 282 4099 Quod
301 4008 420 4082 nullus
436 4008 585 4084 lorensis
601 4012 656 4085 uel
669 4012 834 4100 villanus,
850 4035 913 4087 seu
928 4013 1077 4088 abituter
1093 4020 1192 4089 extre

140 4154 255 4206 muros
268 4127 425 4205 Civitatis
438 4127 610 4224 Surrenti,
625 4131 736 4229 possit
753 4131 933 4230 perhibere
950 4131 1189 4209 testimonium
