3116 5214
923 399 944 438 Ι

567 481 745 555 -45..

137 630 288 730 reparari
307 627 429 702 lecerit
444 631 523 725 post
540 625 633 724 ipsos
651 626 724 700 dies
743 627 955 725 quindecim,
974 634 1086 726 potest
1100 625 1190 723 quod

137 750 340 850 expenderit
356 774 418 848 pro
437 755 510 821 rata
529 746 563 820 in
583 747 748 845 pensione
766 750 880 825 debita
901 751 1084 848 imputare.

522 1050 677 1123 Runnrcn
693 1049 809 1125 XXlV.

470 1327 519 1401 lie
536 1330 635 1402 terris
651 1329 867 1406 dimittendis.

189 1567 263 1639 Non
286 1572 400 1665 potest
425 1564 587 1636 dominus
612 1569 723 1635 terrae
746 1563 931 1637 laboratori
950 1589 1012 1640 seu
1030 1567 1192 1663 partiario

138 1693 263 1758 terram
288 1682 411 1754 tollere
435 1681 590 1777 quolibet
607 1689 761 1777 ternpore
781 1684 883 1770 anni,
904 1685 965 1755 sed
982 1691 1062 1757 ante
1080 1687 1195 1781 exple-

126 1808 211 1874 ¹tum
230 1822 383 1872 mensem
398 1797 542 1893 Augusti
561 1802 674 1892 potest
692 1797 873 1893 prohibere
893 1798 964 1872 sive
984 1799 1196 1874 denunciare

136 1917 202 2013 ipsi
224 1915 423 2002 laboratori,
439 1914 565 2013 colono
578 1912 632 1986 vel
648 1913 832 2007 inquilino,
850 1916 940 2009 quod
961 1917 1049 1996 nolit
1066 1924 1194 1990 terram

135 2035 245 2131 ipsam
258 2032 322 2104 sibi
339 2055 399 2128 pro
413 2037 566 2125 ternpore
581 2028 757 2101 dimittere
773 2029 901 2117 futuro,
912 2039 947 2104 et
957 2039 1040 2106 tunc
1058 2034 1196 2108 sublata

136 2150 217 2222 inde
242 2147 415 2222 vindemia
439 2144 629 2231 laborator,
650 2145 796 2218 colonus
814 2146 869 2220 uel
890 2147 1083 2242 inquilinus
1105 2151 1194 2222 nihil

134 2269 224 2365 juris
244 2266 348 2339 hahet
365 2267 400 2336 in
417 2272 522 2336 terra.

183 2385 227 2456 Et
245 2406 262 2455 e
281 2403 448 2454 converso
466 2379 656 2465 laborator,
677 2400 739 2451 seu
758 2378 903 2451 colonus
923 2381 976 2454 vel
997 2381 1195 2478 inquilinus

137 2505 250 2600 potest
274 2505 402 2570 terram
428 2499 537 2592 ipsam
563 2495 739 2590 assignare
767 2494 906 2567 domino
930 2503 1042 2570 terrae
1060 2521 1121 2595 per
1142 2505 1194 2570 to-

137 2626 213 2692 tum
240 2640 395 2690 mensem
420 2614 578 2711 Augusti,
603 2614 683 2686 dum
702 2620 819 2686 tamen
837 2615 1039 2711 pensionem
1060 2625 1194 2691 certam

137 2737 173 2810 in
192 2736 338 2833 pecunia
355 2734 411 2808 vel
425 2731 634 2808 victualibus
647 2733 910 2820 consistentem,
927 2735 957 2805 si
972 2757 1076 2830 quam
1091 2735 1196 2808 debet

137 2859 305 2953 prolerre
324 2851 415 2948 ipsa,
436 2849 547 2924 solvat
565 2847 653 2920 inira
670 2848 831 2920 eumdem
851 2872 1005 2922 mensem
1028 2851 1188 2945 Augusti.

161 2993 165 3000 ·
185 2970 282 3060 Quod
307 2971 336 3042 si
360 2968 449 3040 inira
472 2968 633 3040 eumdem
656 2991 810 3040 mensem
835 2969 982 3064 Augusti
1002 2970 1189 3060 laborator,

139 3091 211 3166 sive
236 3091 382 3165 colonus
399 3088 452 3163 vel
471 3087 664 3182 inquilinus
681 3094 808 3159 terram
827 3089 937 3185 ipsam
955 3096 1098 3185 patrono
1120 3115 1192 3164 non

22 3251 23 3254 =
139 3203 380 3302 assignaverit,
402 3208 437 3273 et
454 3200 656 3298 pensionem
680 3200 751 3275 sive
769 3201 971 3274 terraticum
990 3225 1059 3276 non
1078 3203 1194 3278 solve-

139 3323 203 3409 rit,
223 3327 332 3394 otest
349 3320 502 3407 dictum,
522 3326 661 3394 tenetur
678 3343 739 3417 pro
757 3320 831 3416 ipso
850 3343 940 3393 anno
959 3323 1139 3416 sequenti,
1165 3324 1196 3397 si

140 3442 301 3515 dominus
319 3450 431 3514 terrae
448 3440 616 3527 voluerit,
636 3438 792 3512 laborare
810 3446 938 3512 terrant
957 3440 1135 3528 eamdem,
1162 3450 1198 3515 et

141 3565 279 3632 tenetur
289 3565 461 3654 praestare
473 3557 673 3630 terraticum
689 3556 761 3629 siro
777 3557 979 3652 pensionem
994 3557 1087 3630 sicut
1103 3581 1195 3634 anno

141 3674 362 3776 praecedenti
380 3675 576 3746 tenebatur.

192 3795 231 3865 ln
246 3814 463 3888 quocumque
478 3800 593 3865 autern
612 3814 693 3864 casu
708 3797 799 3863 terra
812 3791 886 3887 ipsa
901 3791 943 3862 ad
958 3791 1138 3864 dominum
1152 3794 1196 3865 li-

143 3913 224 3986 bere
254 3911 466 4006 pervenerit,
494 3911 667 3982 laborator
691 3908 822 4007 ipsein
856 3907 978 3981 ultima
1004 3911 1192 3999 vindemia,

145 4056 247 4129 quam
267 4029 413 4130 percipit
429 4038 530 4126 prout
548 4030 734 4117 laborator,
756 4029 900 4102 colonus
912 4029 969 4102 uel
985 4029 1192 4125 inquilinus,

145 4150 200 4224 rel
218 4151 253 4222 in
272 4156 383 4222 toturn
407 4148 436 4221 si
460 4147 502 4222 de
523 4155 613 4221 terra
631 4149 704 4245 ipsa
720 4153 872 4246 praestat
887 4169 1038 4220 annuam
1055 4149 1193 4245 pensio·
