3116 5214
598 395 773 468 ..43-

207 543 363 640 Amplius
390 541 420 612 si
447 540 482 610 in
503 538 734 608 instrumento
761 535 834 630 ipso
854 554 923 605 uon
942 533 1140 606 continetur
1158 553 1217 604 eu·

156 685 274 760 presse
283 658 374 756 quod
386 655 492 729 alicui
505 655 658 750 ipsorum
668 658 870 724 consortum
886 650 927 722 ab
941 651 1051 723 altero
1066 649 1216 724 servitus

156 775 429 863 debeatur,licet
442 773 529 844 alter
543 769 741 842 inveniatur
755 767 791 839 in
806 767 1024 864 possessione
1043 767 1098 840 vel
1117 766 1215 862 qussi

157 898 305 993 alicujus
327 889 522 974 servitutis,
545 885 627 959 telis
650 883 822 981 possessio
846 883 900 956 uel
925 883 1025 978 quasi
1050 906 1117 954 non
1137 905 1216 979 pro·

156 1015 234 1086 dest
260 1007 450 1108 possidenti
467 1004 522 1079 vel
541 1003 653 1098 quasi,
673 1001 809 1073 etiamsi
828 1023 887 1097 per
904 998 1109 1095 longissima
1128 1005 1216 1070 tem·

154 1153 237 1226 pora
256 1129 332 1200 sine
348 1120 587 1218 inquietudine
602 1118 847 1212 consortis,vel
863 1116 1049 1189 haeredum
1068 1117 1212 1212 ejusque

156 1240 387 1339 singularium
402 1258 643 1310 successorum
657 1233 744 1305 illud
754 1233 1009 1331 possederitrcl
1021 1234 1119 1330 quasi
1132 1257 1212 1330 pos-

155 1360 297 1434 sederit.

206 1479 298 1547 luter
311 1473 497 1546 servitutes
516 1477 743 1542 numerantur
760 1469 923 1541 dossitiae
942 1469 995 1542 uel
1015 1477 1208 1564 aperturae.

204 1593 240 1666 Si
260 1590 343 1663 velit
365 1588 442 1684 quis
460 1587 496 1658 in
515 1609 578 1658 suo
597 1586 781 1682 pistrinum
801 1586 855 1658 rel
874 1585 1101 1657 centimolum
1121 1584 1213 1658 lace·

153 1733 204 1795 re,
225 1711 260 1779 in
276 1707 420 1804 pariete,
436 1703 494 1800 qui
509 1703 541 1774 ei
556 1704 752 1776 communis
771 1709 825 1774 est
842 1726 922 1775 oum
941 1700 1070 1787 vicino,
1088 1725 1156 1773 non
1171 1701 1214 1773 li-

153 1831 211 1897 cet
223 1824 357 1919 affigere
373 1821 446 1894 sive
460 1818 648 1890 immittere
663 1816 795 1892 trabem
813 1817 922 1919 ipsius
935 1816 1120 1890 centimuli
1135 1816 1211 1891 sive

152 1941 305 2038 pistrini.

554 2053 710 2128 Runruos
728 2056 817 2129 XXI.

266 2293 358 2384 Quod
374 2294 486 2367 uultus
503 2304 613 2366 tcucot
626 2295 759 2389 pclccm
775 2297 977 2390 superfluum
992 2293 1090 2366 domi.

201 2531 276 2604 Non
303 2531 386 2604 licet
410 2529 516 2602 alicui
543 2529 578 2601 in
605 2529 750 2602 Civitate
777 2531 812 2600 iu
839 2529 941 2600 domo
968 2552 1031 2600 sua
1057 2526 1207 2624 propria,

153 2673 241 2745 quae
259 2657 311 2720 est
324 2650 508 2744 conjunctu
523 2647 642 2720 domui
660 2648 803 2719 alterius
822 2647 971 2742 paleam,
991 2647 1044 2718 vel
1067 2645 1209 2718 foenum

153 2773 189 2836 et
205 2764 297 2858 ligna
321 2771 438 2834 tenere
464 2768 499 2833 et
522 2760 667 2846 habere,
698 2761 764 2830 uisi
789 2767 960 2854 quatenus
984 2759 1129 2831 sufficiat
1146 2781 1208 2854 pro

153 2905 219 2952 usu
238 2903 302 2952 suo
320 2885 355 2950 et
372 2878 593 2959 animalium,
616 2901 702 2972 quae
721 2877 847 2971 aliquis
865 2877 908 2947 ed
930 2901 1029 2948 usum
1050 2900 1152 2947 suum
1172 2880 1208 2946 et

154 3000 277 3070 domus
294 3020 378 3069 suae
396 2996 511 3082 haben
529 3003 564 3067 et
577 2996 667 3065 idem
687 3003 740 3065 est
758 2995 799 3064 de
819 2994 890 3064 liuo
909 2995 943 3064 iu
963 2994 1052 3065 suste
1068 3017 1135 3064 non
1151 2993 1203 3063 di·

152 3139 290 3200 scusso,
317 3123 358 3186 ut
380 3138 447 3186 uon
473 3113 583 3209 pessit
604 3113 638 3183 in
664 3112 765 3182 doure
787 3135 849 3182 sua
866 3111 1001 3206 propria
1020 3112 1206 3205 conjuncta

152 3231 297 3303 alterius
314 3231 432 3302 domui
447 3230 558 3301 linum
574 3229 687 3324 ipsum
706 3236 825 3300 tenere
843 3228 898 3299 vel
918 3227 1058 3311 habere,
1080 3227 1146 3298 nisi
1165 3227 1208 3298 il·

154 3347 215 3418 lud
234 3356 384 3434 tautum,
400 3347 490 3441 quod
505 3346 663 3441 provenit
680 3369 721 3416 ex
739 3347 841 3417 terris
861 3345 1006 3442 propriis
1024 3345 1133 3441 ipsius
1148 3368 1207 3418 vo·
1285 3394 1289 3402 ·

153 3465 259 3536 lentis
277 3465 311 3535 in
329 3466 431 3535 domo
450 3488 510 3536 sua
530 3465 643 3560 ipsum
662 3464 774 3535 linum
795 3462 933 3534 hebere.

200 3583 238 3653 ln
265 3583 366 3654 doruo
392 3584 564 3656 conducta
591 3606 659 3654 nou
681 3583 763 3655 licet
781 3583 985 3655 conductori
1007 3589 1124 3654 tenere
1150 3582 1204 3656 vel

152 3699 279 3772 hebere
305 3700 420 3794 poleas
439 3699 493 3772 vel
513 3699 672 3786 foenum,
696 3699 761 3770 uisi
781 3699 871 3793 quod
891 3699 1037 3771 sufficiet
1052 3723 1113 3795 pro
1132 3699 1206 3770 ani-

153 3817 322 3906 malibus,
342 3842 428 3912 quae
451 3827 567 3904 tenet,
588 3820 635 3890 itu
655 3821 817 3891 tamensi
837 3819 910 3912 ipse
929 3813 1121 3890 coudu'ctor
1139 3817 1205 3890 ibi-

154 3937 231 4008 dem
252 3936 383 4010 habitet
396 3961 455 4033 per
468 3961 518 4024 se,
536 3961 603 4010 uon
623 3938 652 4009 si
671 3938 816 4010 seorsim
837 3945 1002 4024 moretur,
1020 3937 1086 4007 uisi
1106 3938 1205 4011 loeus

152 4056 345 4128 conductus
368 4055 415 4127 sit
434 4061 551 4152 crypta
575 4053 629 4128 vel
652 4054 774 4126 lamio:
801 4077 919 4128 verum
943 4061 1057 4150 potest
1074 4055 1205 4130 eondu-
