3098 5218
583 415 759 489 „87-

517 677 671 752 Runnien
688 674 846 750 LXXXV.

229 913 279 988 De
296 915 341 989 ite
357 913 540 1012 potionaret
556 915 666 989 domos
681 936 761 988 roos
777 915 821 989 ort
831 915 1024 1011 pensionem
1040 916 1131 992 ollis.

200 1153 299 1243 Quod
317 1153 347 1226 si
366 1149 495 1249 aliquis
513 1149 619 1224 horno
637 1148 680 1222 de
699 1148 868 1226 Surrento
881 1149 1044 1225 coneedit
1057 1151 1210 1248 aliquam

148 1269 297 1350 domurn,
311 1291 410 1343 suam
437 1266 544 1341 alieni
563 1265 605 1340 ad
624 1273 755 1340 certam
779 1289 927 1340 annuam
945 1267 1146 1364 pensionem
1166 1258 1211 1342 ad

148 1392 282 1460 eertum
302 1392 453 1483 tempus,
474 1383 566 1480 quod
585 1382 614 1455 si
633 1380 708 1470 ille,
729 1382 789 1479 qui
807 1383 983 1457 noncessit
1001 1407 1064 1458 seu
1081 1384 1211 1459 looevit

148 1503 276 1577 dietam
292 1503 432 1578 domum
448 1525 560 1591 suam,
571 1501 656 1576 velit
669 1500 767 1574 illam
785 1503 926 1575 domum
942 1525 1040 1574 suam
1055 1502 1101 1576 ite
1115 1501 1209 1598 quod

147 1624 195 1698 sit
207 1623 403 1698 neeessaria
418 1621 484 1696 sibi
498 1645 559 1721 pro
573 1619 788 1696 habitatione
802 1619 1095 1696 suaseuiamiliae
1109 1646 1206 1714 suae,

146 1762 210 1814 seu
227 1739 332 1814 etiam
354 1762 416 1838 pro
434 1738 633 1813 neeessaria
652 1760 758 1812 eausa
777 1760 859 1826 sua,
875 1737 923 1809 ita
942 1739 1032 1834 quod
1048 1761 1117 1811 non
1130 1762 1211 1837 poe·

145 1855 194 1930 sit
216 1856 334 1930 lonare
351 1854 454 1929 alteri
478 1877 540 1952 pro
566 1854 688 1952 majori
714 1855 932 1951 quantitate,
960 1854 1021 1927 ille
1046 1853 1210 1928 dominus

145 1973 259 2068 diotae
277 1974 402 2046 domus
418 1979 580 2046 teneatur
597 1973 783 2047 restituere
802 1974 953 2070 pretium
971 1972 1065 2047 dieto
1079 1971 1210 2047 locato·

144 2091 199 2176 ri,
231 2097 267 2163 et
288 2089 442 2188 reeipere
468 2093 504 2161 et
528 2087 655 2162 habere
673 2089 817 2163 domum
839 2090 1014 2175 locatam,
1041 2089 1208 2186 praestito

142 2207 340 2304 juramento
365 2208 408 2280 ad
435 2207 563 2282 Sancta
587 2207 651 2280 Dei
676 2205 864 2303 Evangelia
888 2229 907 2280 a
931 2189 1071 2279 domino
1095 2206 1208 2278 dietae
1281 2217 1284 2230 ¹

143 2321 286 2408 domus,
308 2320 400 2416 quod
419 2320 515 2392 dieta
531 2321 657 2393 domus
676 2320 723 2393 sit
740 2319 939 2394 necessaria
956 2316 1022 2391 sibi
1039 2340 1100 2415 per
1118 2339 1155 2390 se
1173 2323 1209 2391 et

142 2437 313 2510 familiam
330 2459 444 2525 suam,
462 2444 497 2510 et
514 2437 606 2533 quod
621 2460 690 2510 non
704 2437 823 2536 ejiciat
839 2437 955 2509 animo
969 2435 1116 2531 augendi
1130 2457 1208 2533 pre·

142 2555 232 2628 tium
250 2577 312 2652 pro
332 2577 447 2628 annua
465 2554 635 2655 pensione
654 2553 790 2652 ipsius:
812 2553 916 2626 aliter
932 2575 1002 2625 non
1021 2552 1132 2648 possit
1148 2573 1207 2625 ex·

145 2673 275 2770 pellere
293 2648 408 2761 illum}
426 2673 484 2747 nui
501 2673 615 2746 locata
633 2671 719 2759 luit,
739 2695 818 2746 oum
838 2671 950 2768 pretio
968 2669 1023 2744 vel
1041 2669 1129 2743 sine.

498 2907 655 2980 Runaron
672 2904 845 2978 LXXXVl.

228 3145 277 3220 Do
286 3149 369 3242 jore
385 3143 463 3217 loeti
479 3143 564 3237 qood
579 3140 714 3215 deletor
730 3142 802 3212 otro
817 3143 976 3214 moriente
993 3162 1112 3214 onore.

188 3381 226 3458 si
249 3381 327 3479 quis
345 3380 449 3454 homo
467 3377 594 3452 habeat
613 3377 765 3473 aliquam
785 3376 969 3450 mulierem
987 3378 1024 3451 in
1044 3401 1200 3470 uxorem,

140 3497 268 3595 etipsa
286 3519 374 3571 uxor
391 3517 455 3570 sua
473 3493 645 3566 moriatur
657 3492 902 3590 supervivente
915 3494 1042 3568 marito
1055 3519 1133 3582 suo,
1149 3521 1203 3571 re-

141 3613 235 3688 lietis
253 3612 337 3686 liliis
352 3609 408 3686 vel
426 3631 510 3697 non,
530 3608 592 3682 ille
610 3609 757 3682 maritus
774 3607 901 3698 habere
920 3607 1024 3683 debet
1041 3609 1084 3684 de
1101 3611 1203 3686 honis

140 3730 254 3805 diotae
278 3726 397 3802 uxoris
419 3747 504 3801 suae
527 3747 589 3823 pro
608 3725 688 3823 jure
705 3747 783 3812 suo,
803 3727 895 3821 quod
912 3727 1102 3824 vulgariter
1117 3730 1201 3805 Sur·

140 3848 231 3923 renti
258 3846 388 3922 dieitur
405 3867 467 3944 pro
487 3844 603 3932 lento,
631 3845 661 3918 si
680 3845 826 3918 maritus
843 3868 929 3919 suris
946 3853 1000 3920 est
1019 3846 1121 3921 miles
1134 3851 1200 3922 'seu

140 3970 182 4042 de
200 3989 328 4067 genere
346 3963 520 4039 nobilium
539 3970 650 4052 ortus,
672 3963 795 4039 uncias
809 3965 885 4038 auri
899 3971 1060 4061 quatuor;
1075 3966 1105 4039 si
1119 3965 1213 4040 bur·-

140 4086 256 4184 gensis
279 4107 341 4159 seu
360 4080 557 4180 popularis,
579 4080 699 4155 uncias
717 4081 792 4155 auri
811 4081 910 4170 duam
931 4081 960 4154 si
979 4089 1032 4154 est
1049 4082 1200 4158 villanus
