3098 5218
820 443 991 514 ...ῃ-

768 701 922 776 Ruenron
939 702 1053 774 Llllll.

582 935 628 1008 llo
646 937 817 1011 arboribus
827 941 932 1034 jueta
948 941 1033 1035 finos
1051 941 1229 1014 stantibus.

315 1263 317 1268 Ι
424 1171 520 1260 Quod
538 1170 568 1242 si
583 1170 711 1265 aliquis
725 1170 828 1243 homo
841 1171 882 1244 de
897 1171 1065 1245 Surrento
1079 1171 1183 1244 hebet
1197 1171 1361 1267 aliquam
1379 1178 1456 1244 ter-

375 1313 460 1375 ram,
481 1289 515 1358 in
535 1310 600 1382 qua
618 1289 688 1359 sint
706 1287 843 1382 aliquae
862 1288 1001 1361 arbores
1020 1287 1219 1361 fructiferae
1238 1311 1353 1385 prope
1378 1295 1453 1361 ter·

375 1430 449 1479 rain
468 1405 618 1500 alicujus
635 1403 818 1475 confinalis
836 1404 903 1490 sui,
921 1405 967 1476 ita
982 1405 1072 1500 quod
1092 1405 1133 1476 de
1152 1405 1235 1500 ipsis
1249 1404 1452 1476 arboribus

375 1545 437 1593 seu
461 1521 503 1592 de
527 1519 632 1590 rarnis
655 1527 810 1616 ternpore
835 1544 987 1617 congruo
1008 1522 1151 1593 tradunt
1170 1520 1276 1615 aliqui
1296 1519 1452 1593 fructus

374 1638 409 1708 in
432 1637 523 1708 dieta
548 1642 639 1708 terra
657 1635 860 1736 confinalis,
882 1637 973 1732 quod
992 1635 1052 1708 ille
1070 1635 1253 1709 confinalis
1271 1643 1449 1708 teneatur

375 1762 411 1826 et
434 1754 559 1861 debeat
579 1753 744 1848 colligere
768 1753 902 1825 fructus
920 1758 956 1825 in
973 1754 1065 1826 dieta
1086 1764 1175 1825 terra
1194 1753 1391 1839 cadentes,
1413 1759 1450 1823 et

373 1866 455 1936 dare
475 1864 866 1959 medietaternipsorum
880 1862 1057 1937 fruetuum
1071 1864 1212 1936 domino
1229 1871 1363 1948 terrae,
1383 1887 1447 1936 ou·

369 1984 427 2078 jus
444 1987 498 2051 est
515 1979 606 2051 dieta
624 1986 728 2065 terro,
746 1980 781 2050 in
796 2004 863 2075 qua
877 1984 930 2052 est
943 1981 1034 2053 diota
1048 1980 1161 2068 arbon
1180 1987 1216 2052 et
1230 1980 1260 2051 si
1276 1980 1341 2051 ille
1359 2003 1449 2052 oon·

374 2099 488 2170 finalis
518 2121 586 2169 non
617 2097 692 2170 vult
714 2121 775 2170 seu
794 2105 908 2170 cessat
925 2098 1006 2170 dare
1030 2098 1253 2170 medietatem
1278 2098 1445 2195 ipsorum

373 2215 549 2288 fruetuum
568 2216 708 2287 domino
727 2223 852 2305 terrae,
872 2217 907 2288 in
927 2241 993 2312 qua
1012 2225 1065 2288 est
1083 2217 1175 2289 diota
1193 2215 1309 2304 arhor,
1331 2217 1447 2288 licent

374 2333 514 2404 dornino
535 2339 664 2420 terrae,
685 2333 720 2404 in
739 2357 805 2428 qua
825 2342 879 2406 est
895 2334 985 2406 diota
1004 2334 1124 2419 arhor,
1145 2333 1300 2406 incidere
1319 2353 1445 2404 ramos

374 2450 563 2546 pendentes
587 2473 691 2546 super
711 2458 839 2544 terram
865 2451 948 2522 dicti
968 2450 1150 2524 confinalis
1168 2450 1299 2544 absque
1317 2451 1443 2544 aliqua

371 2590 483 2663 poena
507 2573 542 2636 et
565 2589 624 2636 eos
647 2566 770 2637 exinde
789 2573 964 2661 asportare
982 2590 1042 2662 pro
1066 2590 1129 2638 suo
1147 2565 1442 2640 arbitrio'volun-

372 2685 473 2770 tatis,
495 2685 660 2756 videlicet
684 2693 896 2780 eotenrpore
923 2708 992 2779 quo
1010 2708 1079 2756 non
1097 2684 1168 2756 sint
1191 2684 1275 2756 dieti
1297 2684 1439 2756 fruetus

337 2827 343 2836 ’
371 2803 437 2875 ibi:
462 2810 605 2898 excepto
630 2803 660 2873 si
679 2808 733 2891 est
760 2804 851 2875 diota
875 2810 966 2874 terra
990 2803 1032 2874 de
1051 2803 1287 2888 fraternitate,
1309 2803 1348 2874 in
1368 2824 1437 2896 que

371 2927 455 2992 sunt
472 2922 584 2992 diotae
603 2921 753 3008 arbores,
771 2922 850 3016 quia
868 2922 897 2999 si
916 2930 969 2993 est
986 2901 1077 2994 diota
1095 2928 1187 2992 terra
1210 2919 1252 2991 de
1271 2919 1439 2992 fraterni·

372 3042 463 3126 tate,
484 3038 518 3108 in
543 3060 610 3133 qua
634 3046 716 3109 sunt
739 3039 851 3109 dietae
875 3039 1039 3123 arbores,
1060 3037 1164 3110 lieent
1187 3037 1239 3107 illi
1268 3033 1437 3109 confinali

373 3143 499 3228 lrabere
515 3165 549 3227 et
561 3157 736 3252 percipere
752 3156 884 3228 fruetus
899 3155 1035 3228 francos
1049 3162 1085 3226 et
1097 3155 1237 3248 liherqs‚
1251 3162 1286 3226 et
1297 3155 1361 3225 ille
1377 3153 1439 3223 do·

373 3274 489 3346 rninus
507 3281 637 3358 terrae,
658 3273 693 3342 in
712 3295 778 3366 qua
795 3279 850 3343 est
865 3273 984 3357 arbor,
1005 3295 1078 3344 non
1093 3272 1203 3367 possit
1220 3293 1284 3342 neo
1310 3269 1437 3342 debeat

371 3390 496 3462 exinde
516 3389 669 3460 innidere
696 3409 810 3460 ramos
828 3390 1018 3485 pendentes
1042 3390 1221 3460 interram
1249 3384 1435 3460 confinalis

371 3508 477 3580 simili
502 3507 623 3592 modo,
645 3507 755 3579 fornia
778 3515 812 3578 et
836 3507 1035 3580 conditione
1052 3507 1145 3579 siout
1167 3506 1209 3577 de
1228 3504 1307 3576 aliis
1332 3502 1434 3575 arbo-

322 3603 325 3610 ’
368 3621 465 3694 ribus
483 3620 673 3694 fructiferis
687 3646 755 3694 non
769 3622 975 3696 cadentibus
993 3622 1174 3696 interram
1198 3618 1349 3714 alioujus
1371 3619 1431 3690 ho·

373 3741 490 3816 minis.
544 3749 553 3764 ’
