3098 5218
591 501 636 516 ..
656 461 765 534 73..

534 677 824 794 unumunurn.
859 769 863 832 η’

250 959 298 1032 De
308 961 388 1054 jure
402 916 632 1052 patrimoniali
649 931 752 1047 empto
769 953 810 1025 ob
827 951 938 1048 utiquo
956 953 1096 1027 iumine.

197 1192 294 1279 Quod
313 1191 343 1262 si
361 1189 486 1285 aliquis
505 1189 608 1262 homo
626 1187 668 1260 de
686 1187 853 1262 Surrento
880 1189 965 1261 emit
981 1211 1045 1262 seu
1064 1189 1132 1260 emi
1153 1187 1203 1261 ta·

148 1309 199 1404 eit
223 1308 373 1404 aliquam
398 1315 543 1394 terram,
564 1307 704 1378 domum
723 1329 784 1378 seu
805 1306 906 1379 aliam
926 1330 998 1403 rem
1023 1306 1201 1402 abaliquo

146 1426 305 1512 homine,
332 1426 423 1520 quod
449 1425 478 1496 si
499 1425 559 1496 illa
578 1431 688 1509 terra,
708 1424 830 1495 domus
849 1447 910 1496 seu
930 1424 998 1496 alia
1022 1447 1077 1496 res
1095 1424 1202 1522 perti·

147 1544 290 1615 neatad
309 1543 460 1639 aliquem
478 1543 586 1614 atium
605 1541 782 1614 hominem
802 1542 844 1614 de
863 1542 1031 1616 Surrento
1045 1544 1123 1639 jure
1142 1565 1201 1639 pa·

146 1659 356 1747 trimoniuli,
380 1660 408 1730 si
427 1660 505 1747 ille,
533 1659 589 1732 oui
608 1659 760 1756 pertinet
776 1659 867 1730 diota
886 1665 978 1730 terra
1001 1658 1056 1731 vel
1075 1657 1199 1730 domus

146 1785 262 1875 empta
277 1779 356 1874 jure
376 1779 629 1873 patrimoniali,
648 1777 724 1850 vuit
741 1776 916 1852 vindicare
935 1777 1045 1873 ipsam
1062 1775 1106 1846 ab
1125 1798 1198 1846 em·

146 1902 244 1992 ptore
270 1918 349 1968 oum
375 1897 469 1992 justo
495 1896 605 1992 pretio
621 1895 704 1968 inde
722 1896 857 1983 soluto,
877 1894 968 1990 quod
986 1893 1047 1964 ille
1065 1897 1200 1986 emptor

145 2020 309 2086 tenentur
330 2022 372 2086 et
389 2015 513 2087 debeat
529 2015 714 2088 restituere
736 2023 771 2087 et
788 2013 965 2110 assignare
984 2013 1112 2085 dietam
1130 2019 1200 2084 tor·

144 2154 219 2204 ram
251 2139 401 2228 emptam
431 2133 560 2228 petenti
588 2131 782 2228 praedioto,
801 2138 838 2204 et
855 2131 968 2204 faeere
986 2129 1111 2234 erinde
1130 2128 1197 2200 sibi

142 2249 324 2348 pubiicum
343 2261 380 2325 et
391 2253 532 2351 tirmum·
543 2253 829 2338 instrumentum,
840 2258 976 2346 reoepto
990 2249 1033 2320 ab
1048 2271 1088 2320 eo
1099 2250 1195 2345 justo

142 2371 256 2464 pretio
282 2370 362 2442 inde
388 2371 522 2457 soluto,
544 2369 590 2442 ite
607 2378 724 2443 temen
748 2371 777 2442 si
795 2367 883 2441 intra
902 2368 1100 2463 quindecim
1120 2367 1193 2440 dies

142 2481 231 2553 infra
250 2505 379 2554 annum
399 2505 512 2558 unum,
525 2489 728 2578 pervenerat
745 2483 787 2554 ed
802 2481 962 2554 notitiem
976 2480 1059 2553 dieti
1074 2487 1194 2575 peten-

143 2597 189 2669 tis
208 2604 243 2668 et
260 2598 382 2671 feeerit
399 2597 530 2672 dietum
548 2607 738 2696 emptorem
753 2585 877 2671 exinde
891 2598 1011 2682 eitare;
1027 2601 1063 2668 et
1076 2597 1194 2692 elapso

143 2738 234 2787 anno
254 2739 339 2803 uuo,
365 2717 394 2788 si
413 2741 482 2789 non
500 2716 605 2790 suerit
622 2717 749 2790 citatus
769 2717 884 2790 dietus
901 2721 1035 2811 emptor
1053 2713 1191 2798 exinde,

143 2839 180 2904 et
200 2833 315 2905 tenuit
336 2841 372 2906 et
394 2833 548 2928 possedit
576 2855 670 2920 euno,
696 2833 771 2930 ipse
797 2840 931 2929 emptor
948 2854 1017 2903 non
1034 2835 1196 2903 teneatur

142 2948 210 3022 sibi
228 2950 270 3020 ad
289 2949 434 3045 aliquid.

190 3068 287 3156 Quod
314 3069 343 3139 si
369 3069 496 3163 aliquis
520 3069 624 3142 homo
648 3070 690 3142 de
715 3071 881 3145 Surrento
898 3069 1018 3144 vendit
1038 3077 1073 3142 et
1091 3072 1196 3143 tradit

142 3185 292 3280 aliquam
311 3189 437 3256 terram
456 3205 553 3258 suem
568 3208 630 3282 per
647 3185 825 3281 publicum
840 3177 1111 3257 instrumentum
1128 3187 1193 3258 uli-

143 3304 199 3376 oui
232 3304 363 3376 homini
395 3305 495 3378 atteri
520 3305 562 3377 de
579 3307 767 3394 Surrento,
787 3312 822 3378 et
838 3307 943 3381 alicui
968 3308 1068 3380 alteri
1088 3309 1194 3403 perti-

142 3424 222 3490 neat
244 3419 315 3515 ipse
334 3426 427 3490 terra
440 3420 519 3515 jure
537 3419 785 3516 patrimoniali,
805 3445 885 3494 oum
910 3422 1020 3518 pretio
1039 3423 1119 3494 inde
1136 3445 1193 3495 so·
1249 3449 1252 3456 ·

114 3629 116 3633 ι
143 3535 274 3621 tuto,et
292 3537 364 3634 ipse
384 3551 518 3634 emptor
536 3545 633 3611 tenet
646 3546 681 3610 et
694 3539 848 3635 possidet
864 3562 1066 3636 perannum
1085 3563 1192 3613 unum

142 3659 178 3724 et
206 3654 305 3748 plus,
335 3660 370 3726 et
399 3654 459 3725 ille
491 3661 625 3749 emptor
642 3678 710 3727 non
729 3662 782 3726 est
800 3656 988 3750 requisitus
1007 3655 1041 3727 in
1056 3655 1192 3752 judicio

142 3769 283 3856 abillo,
308 3771 364 3842 oui
389 3771 539 3866 pertinet
561 3770 653 3844 diota
675 3777 785 3857 terra,
805 3772 897 3866 quod
915 3772 999 3845 vetit
1015 3774 1191 3846 vindicare

142 3889 252 3980 ipsam
280 3886 421 3984 abipso
447 3895 601 3983 emptore
622 3891 700 3985 jure
729 3890 961 3986 patrimoniali
986 3915 1065 3963 oum
1097 3892 1191 3986 justo

143 4005 252 4099 pretio
278 4005 357 4076 inde
388 4006 530 4091 soluto,
558 4006 648 4100 quod
675 4008 704 4078 si
727 4007 945 4102 postmodum
973 4007 1033 4078 ille
1057 4015 1191 4104 emptor

142 4121 256 4219 elapso
274 4123 367 4196 dioto
385 4123 533 4224 termino
551 4124 669 4198 vendit
686 4134 721 4198 et
737 4126 842 4200 tradit
859 4127 967 4223 ipsam
983 4133 1110 4200 terram
1125 4128 1189 4200 ali-
