3098 5218
812 441 985 516 ...80-

373 584 553 658 hominnm
573 581 615 654 de
633 581 812 669 Surrento,
832 583 923 677 qnod
941 582 970 654 si
990 580 1025 654 in
1043 579 1146 653 dietis
1164 583 1325 658 terminis
1343 583 1438 659 sub·

372 711 424 774 ter
441 709 567 774 terrum
586 701 668 773 sunt
685 699 793 794 aliqui
812 699 957 795 lapides,
978 698 1037 793 qni
1055 697 1245 794 vulgariter
1260 700 1437 776 dicuntur

372 820 517 905 filiolae,
539 820 574 890 in
593 818 666 914 ipsa
683 822 779 912 porte
799 838 867 888 non
886 814 1035 888 debeant
1052 814 1117 912 ipsi
1136 815 1276 888 termini
1295 817 1436 891 exfron-

371 936 416 1020 ri,
438 935 497 1006 sed
517 939 650 1006 tanturn
670 955 712 1004 ex
730 931 790 1004 ille
809 937 922 1027 parte,
949 930 985 1002 in
1003 953 1068 1026 qun
1090 954 1160 1004 non
1178 941 1346 1029 apparent
1361 958 1434 1010 seu

372 1057 455 1124 sunt
472 1049 524 1120 ilii
543 1048 688 1145 lapides,
709 1047 768 1144 qui
786 1047 951 1122 dicuntur
967 1045 1110 1134 filiolae,
1130 1071 1190 1146 per
1208 1049 1397 1124 directum.
1521 1067 1522 1156 p

685 1241 689 1250 ’
726 1284 883 1358 nornen
905 1283 1066 1359 uxxvrr.
1132 1249 1135 1258 ’

574 1518 623 1592 De
640 1519 812 1592 arboribus
829 1519 993 1592 utentibus
1009 1521 1046 1592 iu
1062 1520 1218 1616 eoofiuio.
1323 1547 1326 1556 ·

415 1753 512 1841 Quod
539 1753 568 1826 si
595 1753 710 1849 aliquo
734 1753 835 1826 arbor
859 1761 913 1826 est
929 1753 965 1826 in
983 1760 1075 1828 terro
1093 1755 1291 1852 aliquorum
1309 1759 1431 1835 homi·

367 1896 449 1944 num
475 1871 517 1944 de
540 1873 708 1947 Surrento
730 1871 802 1944 sive
831 1870 867 1942 in
889 1870 1039 1943 confinio
1058 1871 1149 1944 inter
1166 1875 1261 1972 ipsos
1279 1883 1315 1949 et
1332 1878 1427 1952 elios

367 1989 527 2060 homines
552 1987 707 2084 ejusdem
732 1995 866 2094 terrae,
893 1987 939 2059 ite
962 1987 1053 2082 quod
1071 1987 1186 2084 aliqua
1212 2015 1293 2087 pars
1310 1994 1427 2092 ipsius

366 2103 497 2178 arboris
528 2104 674 2201 attinget
701 2103 735 2174 in
766 2107 891 2176 terram
922 2104 1105 2180 confinalis
1135 2105 1172 2180 in
1197 2115 1293 2204 parte
1320 2115 1427 2209 juxta

367 2247 564 2297 mensuram
588 2223 703 2296 lineae
726 2225 857 2320 positae
882 2225 924 2298 ab
947 2248 1017 2298 uno
1035 2225 1185 2299 termino
1209 2228 1425 2304 adulterum

272 2351 276 2357 “
349 2337 399 2412 'in
424 2341 516 2414 dioto
541 2340 715 2426 confinio,
743 2343 834 2435 quod
860 2341 920 2413 illa
937 2341 1052 2438 ligne,
1073 2365 1161 2438 quoe
1180 2345 1293 2442 tangit
1310 2345 1421 2436 lineo,

366 2458 437 2531 sint
454 2458 590 2555 proprio
609 2456 804 2570 confinalis.

709 2687 865 2762 Runnror
888 2688 1062 2766 uxxvur.

407 2924 456 2998 De
473 2923 572 2996 terrie
588 2923 626 2995 iu
642 2921 770 3020 eoibipio
785 2923 926 2997 detentio
942 2924 1085 3018 qualiter
1102 2926 1239 3001 debeant
1257 2931 1376 3001 terreri.

409 3160 447 3237 Si
469 3160 546 3257 quis
571 3159 673 3232 homo
697 3157 831 3232 detinet
847 3158 999 3254 aliquam
1018 3145 1146 3246 terrem
1167 3161 1321 3249 vitatam,
1343 3161 1414 3236 sru·

363 3284 490 3354 oratam
520 3283 556 3349 et
582 3276 795 3350 orbustntam
819 3278 855 3349 in
874 3278 1016 3374 eolligio
1039 3301 1120 3352 oum
1138 3279 1255 3376 aliquo
1272 3281 1416 3355 homine

362 3397 404 3469 de
422 3395 601 3480 Surrento,
622 3393 697 3481 ilie,
719 3393 777 3489 qui
794 3394 926 3470 detinet
944 3396 1053 3491 ipsam
1072 3396 1107 3468 in
1126 3395 1279 3492 relligio,
1296 3397 1417 3470 teneo-

360 3520 418 3586 tur
440 3519 475 3584 et
499 3510 622 3584 dehent
643 3509 800 3584 laborare
823 3518 858 3585 et
874 3511 1024 3586 laborari
1043 3512 1174 3602 faeere,
1195 3520 1230 3586 et
1246 3516 1361 3588 colere
1379 3525 1416 3590 et

360 3632 428 3708 ooli
455 3632 567 3706 faeere
596 3655 672 3705 earn
702 3632 914 3729 temporibus
944 3635 1146 3732 opportunis
1172 3635 1214 3707 od
1242 3659 1412 3733 expensas

359 3749 514 3850 proprias
529 3749 716 3822 detinentis
730 3749 929 3847 inoolligi03
944 3755 979 3822 et
991 3758 1144 3848 tempore
1154 3748 1409 3826 vindemiarum
1481 3767 1486 3776 ’

359 3868 570 3946 vindemiare
588 3891 663 3941 eom
681 3892 761 3943 oum
779 3868 902 3940 notitia
920 3867 1071 3957 domini,
1090 3893 1169 3943 eum
1193 3895 1260 3965 quo
1279 3871 1412 3944 detinet
1446 3857 1454 3873 ’

359 3991 485 4056 terram
504 3982 539 4054 in
557 3981 710 4077 colligio,
731 3989 884 4076 ternpore
901 3981 1106 4078 congruenti
1125 3981 1167 4052 nd
1185 4005 1267 4054 suas
1284 4005 1411 4079 expen-

361 4121 435 4185 ses3
455 4107 491 4171 et
507 4098 625 4172 vinum
645 4095 735 4192 quod
755 4118 815 4190 pro
833 4105 987 4195 ternpore
1006 4096 1063 4182 fiet
1081 4096 1117 4168 in
1136 4097 1227 4172 dieto
1246 4108 1355 4187 terro,
1375 4107 1410 4171 et

302 4267 321 4320 S
