3116 5214
573 435 749 510 ..31-

180 570 308 648 Contra
338 571 573 646 instrumenta
596 572 840 648 venditionum
863 597 925 648 scu
955 576 1184 674 emptionum,

128 687 448 782 permutationum,
477 688 726 777 donationum,
757 691 1029 787 obligationum,
1056 692 1091 764 in
1115 717 1189 766 enn-

127 806 326 902 phyteusim
358 807 645 894 concessionum,
681 809 954 904 quietationum,
981 812 1188 884 transactio·

127 947 212 994 num
234 922 390 1021 probatio
408 929 594 1020 pertentes
613 924 711 996 nulla
729 926 909 1022 recipitur,
929 913 1190 1024 videlicetpro·

126 1039 222 1113 hatio
240 1039 397 1112 iacienda
415 1062 476 1137 per
493 1041 645 1136 aliquem
664 1041 958 1128 contrahentium,
977 1042 1031 1116 vel
1046 1023 1186 1116 succes·

128 1182 243 1230 sorem
262 1181 384 1230 eorum
403 1159 638 1234 universalem
657 1159 711 1232 vel
730 1160 933 1256 specialem,
954 1161 1046 1256 quod
1064 1184 1120 1235 res
1138 1162 1189 1238 vi-

128 1257 374 1347 delieet‘aliter
386 1281 483 1370 gesta
497 1275 555 1364 sit,
572 1298 675 1369 quam
694 1275 785 1370 qnod
805 1275 841 1347 in
859 1276 1092 1348 instrumento
1105 1299 1188 1348 con·

128 1389 534 1476 tinctur,dumtamenin
543 1392 765 1488 possessione
781 1393 831 1463 rei
847 1392 1018 1488 exaliqua
1034 1416 1077 1466 ex
1092 1417 1190 1489 prae-

58 1535 66 1552 ·
129 1507 245 1578 missis
265 1506 380 1580 causis
394 1507 583 1579 translatae
598 1508 792 1604 reperiatur
810 1507 885 1594 ille,
900 1509 959 1580 oui
978 1509 1190 1582 instrumen-

129 1633 203 1698 tum
213 1624 343 1698 lactum
354 1631 418 1712 est,
428 1633 600 1700 reservata
611 1627 711 1699 alteri
725 1627 1003 1700 contrahentium
1020 1634 1188 1722 potestate

129 1743 297 1840 arguendi
316 1743 589 1818 instrumentum
607 1746 721 1843 ipsum
739 1746 781 1820 de
799 1745 901 1831 falso,
923 1745 953 1818 si
971 1745 1135 1818 voluerit.

176 1860 215 1936 si
235 1860 507 1936 instrumentum
520 1861 732 1935 venditionis
750 1862 789 1934 ut
803 1885 865 1958 per
882 1860 1058 1933 notarium
1076 1861 1190 1957 publi-

129 1999 232 2065 eum,
256 1978 413 2076 judicem
432 1986 467 2056 et
483 1986 589 2053 testes
613 1979 793 2070 Surrenti,
820 1980 910 2054 inira
933 2005 1062 2060 annum
1088 2005 1106 2053 a
1132 1980 1190 2052 die

128 2091 359 2164 consectionis
385 2093 494 2188 ipsius
520 2094 744 2169 instrumenti
772 2102 906 2190 emptor
932 2103 1050 2191 petere
1075 2099 1190 2190 potest

129 2208 198 2280 sibi
217 2231 291 2280 rem
306 2208 396 2282 tradi
411 2233 429 2282 a
443 2212 624 2283 venditore
641 2211 717 2307 ipso
736 2212 792 2286 vel
811 2213 885 2309 ejus
905 2212 1068 2298 haerede;
1085 2233 1189 2305 quam

36 2338 38 2343 ’
129 2325 159 2398 si
178 2350 247 2398 non
272 2326 475 2414 tradiderit,
496 2326 539 2398 ad
558 2327 726 2400 interesse
744 2327 902 2401 venditor
922 2327 1185 2400 condemnatur.

130 2442 213 2515 Post
226 2465 357 2515 annum
372 2465 453 2516 vero
466 2449 580 2539 potest
594 2443 667 2539 ipse
682 2448 817 2539 emptor
829 2449 963 2516 tanturn
979 2449 1095 2538 petere
1109 2464 1189 2537 pre-

131 2560 220 2632 tium
239 2559 451 2634 venditionis
469 2561 504 2632 in
522 2561 597 2658 ipso
615 2561 848 2634 instrumento
868 2566 1085 2646 contentum,
1101 2580 1142 2632 ae
1159 2557 1189 2631 si

96 2789 99 2796 Ι
132 2679 181 2752 sit
196 2679 271 2774 ipsa
288 2680 441 2755 venditio
459 2679 627 2754 resoluta.

530 2913 687 2990 Runtuou
704 2911 793 2986 xllt.

309 3135 365 3220 'lo
381 3147 498 3244 pullus
514 3146 611 3221 rados
627 3145 724 3222 dubet
739 3145 846 3219 locum
861 3150 996 3239 quarto.

181 3385 219 3460 Si
237 3388 280 3458 de
299 3386 399 3461 bonis
419 3411 483 3460 sau
510 3385 724 3462 haereditate
742 3385 891 3483 alicujus
909 3383 1027 3480 plures
1046 3383 1188 3474 quartae

135 3503 325 3591 debentur,
353 3504 518 3580 videlieet
542 3502 787 3600 qundaliquis
813 3502 911 3574 uxori
931 3522 1014 3572 suae
1034 3497 1068 3568 in
1087 3495 1189 3568 honis

133 3622 209 3696 suis
233 3630 388 3717 quartam
412 3623 613 3710 coustituit,
634 3623 694 3718 qui
708 3645 795 3694 ‘snae
822 3617 1055 3717 praedecessit
1074 3613 1186 3700 uxori,

136 3740 220 3814 liliis
238 3742 483 3816 communibus
498 3742 689 3830 derelictis,
704 3747 892 3837 posteaque
905 3735 1032 3834 aliquis
1047 3759 1087 3806 ex
1104 3732 1188 3828 ipsis
1293 3781 1298 3791 .

133 3857 218 3932 filiis
232 3859 336 3932 duxit
349 3883 490 3932 uxorem
506 3866 541 3932 et
553 3859 667 3932 eidem
681 3859 718 3930 in
732 3857 832 3930 bonis
845 3855 919 3930 suis
936 3844 1093 3948 quintam
1107 3869 1189 3922 oon-

134 3975 264 4066 stituit,
290 3977 529 4050 consentiente
555 3983 682 4064 matre,
702 3983 739 4050 et
755 3973 880 4046 deinde
899 3968 1131 4069 praemoritur
1145 3965 1189 4040 ,fi-

134 4095 592 4184 liusuxorisuaeetrnalri,
609 4093 851 4168 nonobstante
870 4111 1043 4166 consensu
1065 4084 1188 4160 matris
