3116 5214
804 392 1003 502 -vc-'

351 571 466 645 Omnis
484 571 576 642 bomo
592 567 752 642 mendae.
767 567 902 641 Veritas
919 573 1037 640 autem
1058 572 1175 639 manet
1193 567 1341 656 stabilis,
1356 571 1412 644 ¹in-

347 691 493 786 valescit
511 677 758 771 in'aeternum,
774 693 974 759 constanter
985 685 1131 769 obtinet,
1148 675 1183 756 et
1197 686 1281 758 vivit
1299 687 1332 758 in
1352 713 1411 762 ae-

233 875 237 884 .
348 833 443 881 vum.
456 810 569 905 Ipsius
584 807 695 881 virtus
710 809 906 878 communis
921 813 956 878 et
968 804 1104 901 propria
1119 804 1206 876 nihil
1229 805 1410 901 inaequale

348 925 472 1023 recipit
493 925 683 998 assumitve
701 923 834 996 varium
854 923 889 994 in
908 924 983 1020 ejus
998 921 1142 1019 judicio,
1160 945 1220 1017 per
1237 923 1337 1019 cujus
1351 928 1410 1020 J’us

347 1041 575 1136 malignitatis
595 1039 757 1110 astutiam
779 1037 926 1113 obremit
944 1038 1116 1134 iniquum.
1534 1125 1535 1134 ἵ

396 1157 467 1229 Nos
486 1157 614 1252 itaque,
632 1178 734 1250 quem
754 1156 795 1227 ad
815 1154 954 1228 culmen
973 1156 1098 1252 regalis
1119 1157 1246 1256 fastigii
1266 1162 1409 1234 dextera
1454 1149 1456 1152 ’
1533 1212 1534 1241 ,

347 1276 469 1350 Divina
487 1275 656 1373 provexit,
677 1273 911 1372 simplicitatis
929 1274 1083 1370 integrae
1102 1300 1142 1350 ec
1159 1303 1266 1374 purae
1285 1280 1410 1353 verita·
1532 1270 1534 1279 '

313 1450 315 1454 -
348 1393 393 1466 tis
410 1399 556 1478 amator,
574 1391 646 1465 vias
665 1392 914 1486 investigamus
933 1393 1150 1479 accomodes,
1172 1395 1293 1467 modos
1311 1403 1409 1491 aptos

348 1508 583 1606 exquirimus,
604 1507 851 1580 convenientes
869 1507 1027 1580 tramites
1051 1517 1329 1604 perscrutamur,
1350 1536 1410 1608 per

350 1649 437 1722 quos
460 1624 589 1696 nostris
612 1623 829 1718 temporibus
853 1623 1003 1719 pellatur
1021 1623 1173 1712 salsitas,
1194 1627 1343 1700 varietas
1362 1629 1413 1699 la·

347 1749 437 1829 teat,
465 1749 579 1815 cesset
602 1741 808 1836 duplicitas,
833 1741 1054 1815 mendacium
1074 1744 1193 1831 sileat,
1219 1752 1253 1816 ct
1275 1752 1410 1817 caetera

347 1860 485 1935 veritati
503 1859 675 1933 contraria
696 1859 915 1932 delitescant.
935 1861 1139 1935 Audivimus
1159 1860 1317 1956 equidem
1335 1860 1407 1933 cle-

348 2003 444 2052 mosa
476 1979 710 2052 insinuatione
738 1977 911 2074 frequenti
941 1979 1032 2072 quod
1060 1979 1095 2050 in
1122 1979 1266 2052 Ciuitate
1291 1987 1409 2053 nostra

345 2091 553 2172 'Surrentina
577 2096 638 2169 ille
661 2096 879 2194 periculosus
897 2119 1000 2182 usus,
1022 2095 1148 2184 immo,
1169 2106 1208 2176 ut
1228 2098 1411 2193 loquamur

347 2217 483 2303 verius,
511 2215 747 2316 reprobandus
772 2216 908 2289 abusus
922 2215 1070 2291 invaluit
1086 2224 1225 2316 propter
1242 2219 1410 2291 incertam

348 2344 384 2408 et
408 2335 711 2407 indeterminatam
741 2334 1035 2408 consuetudinum
1065 2335 1289 2423 varietatem,
1321 2337 1413 2430 quod

349 2452 432 2524 dum
458 2452 493 2523 in
511 2450 768 2546 emergentibus
793 2451 909 2524 causis
933 2449 1106 2545 allegatur
1131 2451 1307 2524 interdum
1331 2474 1413 2525 con·
1438 2517 1440 2522 .
1537 2512 1539 2523 ,

349 2567 547 2643 suetudinis
564 2566 792 2663 longaevique
811 2589 895 2639 usus
912 2567 1115 2654 auotoritas,
1136 2568 1178 2639 ad
1197 2569 1410 2642 contrarium

350 2686 514 2760 obiicitur
532 2683 601 2757 alia
619 2683 655 2755 in
673 2682 857 2756 elisionem
875 2682 1006 2780 primae
1024 2684 1236 2780 propositae,
1255 2693 1291 2757 et
1308 2708 1410 2782 repu-

349 2808 500 2901 gnanter
518 2800 680 2886 adverse3
702 2805 738 2872 et
755 2800 838 2871 dum
857 2799 895 2871 fit
912 2797 1116 2894 plerumque
1137 2801 1319 2895 utriusque
1335 2825 1413 2899 pro-

349 2921 457 3007 batio,
473 2942 515 2990 ex
528 2916 777 3013 consequentia
791 2916 1011 2989 necessitatis
1025 2916 1230 3012 implicitae,
1246 2924 1337 2989 tecta
1352 2940 1410 2991 ve-

348 3037 451 3111 ritate
466 3035 530 3108 sub
550 3035 677 3121 modio,
699 3033 839 3130 perjurii
858 3042 974 3138 reatus
994 3034 1184 3107 incurritur
1202 3042 1236 3106 ct
1254 3033 1410 3107 veritatis

349 3152 560 3251 perplexitas
570 3150 748 3248 ‚prolixius
763 3151 958 3223 intricatur.
974 3149 1023 3222 Ex
1038 3153 1137 3248 cujus
1152 3150 1411 3223 incertitudinis
1480 3185 1482 3189 ·

350 3280 387 3345 et
406 3268 744 3344 indeterminationis
759 3266 939 3341 involucro
954 3266 1039 3339 illud
1056 3268 1161 3340 etiam
1177 3270 1334 3364 sequitur
1352 3269 1413 3340 ab·

351 3384 520 3460 surditate
540 3383 705 3469 notabile,
724 3383 814 3478 quod
830 3382 977 3477 allegata
992 3390 1028 3454 et
1041 3384 1180 3455 obtenta
1196 3385 1411 3458 consuetudo

351 3505 387 3575 in
405 3525 476 3574 uno
490 3499 636 3598 judicio,
657 3521 726 3571 uon
745 3499 820 3571 sine
838 3521 1020 3596 expressae
1038 3501 1194 3572 veritatis
1213 3501 1407 3596 prudentia,

352 3620 388 3692 in
407 3618 551 3690 alterius
569 3616 734 3688 instantia
752 3616 967 3712 reprobetur.
988 3615 1037 3688 Ex
1056 3615 1181 3712 quibus
1200 3619 1409 3710 quotidianis

353 3731 528 3807 erroribus
551 3731 759 3804 difleruntur
777 3732 929 3828 judicia,
949 3732 1076 3808 veritas
1100 3729 1303 3819 offenditur,
1329 3733 1409 3802 lites

350 3857 531 3937 crescunt,
552 3851 713 3923 oriuntur
730 3858 766 3922 et
782 3850 942 3924 incidunt
959 3851 1152 3923 animarum
1174 3857 1209 3921 et
1226 3872 1408 3946 corporum

352 3968 552 4063 quotidiana
578 3967 801 4052 discrimine:
823 3991 903 4040 nem
921 3968 1002 4040 dum
1022 3965 1104 4037 silet
1122 3965 1247 4039 veritas
1268 3989 1410 4064 oppres·

351 4107 411 4174 sa,
433 4107 493 4182 per
512 4085 651 4160 obvium
669 4107 793 4159 rancor
810 4083 916 4160 altius
934 4082 1110 4159 radicatur
1128 4083 1170 4156 ad
1189 4084 1407 4172 scandalum,
