3116 5214
396 560 531 659 hhsque
542 566 774 641 instrumento
788 547 896 641 dotali
911 577 946 642 et
959 570 1204 658 instrumento,
1221 572 1415 667 quodSur·

349 680 438 752 renti
457 681 628 757 doterium
647 693 889 780 nuncupatur,
911 685 973 758 dos
991 687 1062 782 peti
1080 709 1150 760 nou
1169 694 1296 785 potest.

397 797 522 871 Contra
554 800 825 874 instrumentum
848 810 966 876 autem
990 803 1105 876 dotale
1129 805 1285 901 probatio
1308 805 1416 878 nulla

349 913 562 1006 admittitur,
583 927 823 1017 praeterquam
841 922 871 994 si
889 917 1017 995 mulier
1033 921 1149 995 dotata
1166 923 1338 997 decedens
1354 930 1416 996 te-

349 1039 438 1106 stata
467 1034 572 1124 illud,
599 1039 691 1134 quod
718 1040 911 1113 secundum
935 1041 1226 1114 cousuetudinem
1243 1042 1408 1116 Surrenti

349 1151 546 1247 relinquere
567 1163 697 1252 potest,
717 1157 754 1230 in
775 1157 851 1252 ipsa
870 1159 993 1233 ultima
1009 1161 1189 1234 voluntate
1207 1159 1407 1256 reliquerit,

351 1274 387 1342 ct
403 1267 567 1364 probetur
585 1271 673 1346 illud
692 1295 769 1346 esse
786 1272 956 1348 solutum.

764 1509 918 1584 Rursum
934 1509 992 1584 Xl.

677 1745 727 1820 lle
742 1767 905 1820 consenso
917 1730 1084 1820 'multaris

402 1980 440 2054 Si
464 1979 590 2054 mulier
613 1981 808 2056 consentiat
830 1984 954 2056 marito
977 2007 1042 2058 suo
1065 1979 1285 2058 contrahenti
1303 2003 1412 2082 super

356 2097 456 2169 hunis
473 2097 655 2196 ipsiusviri
673 2098 869 2186 vendentis,
880 2098 1054 2188 donantis,
1070 2101 1316 2197 permutantis,
1333 2125 1416 2174 mu·
1524 2107 1525 2114 ’

356 2223 456 2287 tuum
473 2214 694 2310 accipientis,
714 2216 751 2288 in
769 2216 924 2290 solutum
940 2217 1069 2305 dantis,
1089 2217 1145 2291 vel
1162 2215 1419 2313 qualitercum-

356 2356 422 2428 que
436 2333 685 2420 contrahentis,
704 2355 840 2406 necnon
854 2339 890 2406 et
901 2334 931 2406 si
948 2333 1145 2406 consentiat
1159 2333 1283 2408 marito
1298 2333 1419 2432 dispo·

357 2453 454 2526 nenti
476 2454 637 2528 debonis
658 2440 769 2550 ipsius
794 2455 909 2526 mariti
933 2459 969 2526 iu
993 2455 1118 2528 ultima
1138 2455 1319 2528 uoluntate
1337 2478 1415 2543 sua,

356 2592 549 2644 consensus
569 2594 638 2643 uon
652 2570 864 2670 praejudicat
878 2571 945 2667 ipsi
963 2565 1102 2644 mulieri
1121 2571 1177 2646 vel
1194 2571 1256 2644 alii
1274 2595 1418 2646 succes·

356 2688 427 2758 sorl
443 2687 601 2760 mulieris
619 2687 654 2760 in
669 2687 749 2759 dote
765 2687 993 2783 quantumad
1012 2687 1292 2784 hypothecariam
1309 2688 1419 2762 actio-

357 2827 436 2876 nem
458 2805 514 2879 vel
538 2805 643 2877 etiam
668 2806 840 2878 actionem
865 2805 1102 2901 personalem,
1128 2829 1231 2902 quam
1256 2806 1291 2878 in
1315 2803 1418 2878 honis

358 2925 473 2997 mariti
490 2925 650 3000 hahuerit
667 2949 727 3023 pro
746 2925 895 2998 dotibus.
923 2925 1144 3022 Praejudicat
1171 2932 1307 2998 tantum
1334 2948 1418 2998 cou-
1450 2933 1452 2940 ‘

358 3067 482 3116 sensus
500 3043 657 3116 mulieris
674 3043 784 3140 ipsius
797 3044 833 3115 in
851 3042 1052 3140 praemissis
1069 3050 1235 3139 quantum
1254 3043 1296 3115 ad
1315 3067 1417 3138 quar·

358 3169 428 3234 tam
443 3161 556 3233 eidem
573 3160 727 3245 mulieri,
743 3183 846 3254 quam
864 3160 968 3233 habet
986 3159 1022 3230 in
1041 3159 1141 3232 bouis
1159 3159 1361 3255 praedictis,
1382 3159 1418 3232 in

360 3299 507 3372 quorum
525 3275 734 3348 alienatione
752 3274 842 3346 facta
865 3297 925 3370 per
940 3274 1054 3349 virum
1072 3297 1254 3348 assensum
1271 3276 1416 3372 praesti·
1524 3323 1525 3328 ,

360 3391 421 3474 tit;
450 3390 499 3460 ita
521 3395 638 3460 tamen
662 3387 691 3460 si
715 3410 908 3460 consensus
930 3386 1041 3483 ipsius
1064 3388 1224 3464 mulieris
1251 3388 1418 3486 probetur

360 3529 422 3601 per
453 3507 562 3604 ipsam
593 3507 752 3580 ultimam
775 3507 990 3580 voluntatem
1014 3507 1139 3580 mariti.
1158 3508 1213 3581 vel
1236 3531 1297 3609 per
1319 3509 1414 3582 aliud

360 3624 645 3712 instrumentum,
662 3647 723 3720 per
740 3623 831 3720 quod
846 3621 991 3697 maritus
1008 3624 1262 3711 commilitoni
1277 3631 1414 3699 contra·

363 3743 436 3816 ctui
455 3741 582 3814 mulier
596 3739 860 3837 ipsapraestitit
877 3763 980 3812 suum
998 3763 1195 3812 assensum.

411 3862 479 3935 Sed
493 3860 523 3934 si
537 3859 664 3932 mulier
678 3883 839 3932 unacum
855 3859 978 3932 marito
997 3857 1189 3954 reperiatur
1206 3883 1270 3956 per
1289 3861 1420 3946 instru-

365 3987 520 4052 mentum
543 3975 675 4074 aliquid
697 3975 894 4051 vendidisse
912 3975 1207 4072 velquocumque
1225 3977 1295 4050 alio
1313 3977 1419 4052 titulo

365 4097 587 4172 alienationis
617 4119 691 4170 rem
721 4094 831 4192 ipsius
862 4096 977 4170 mariti
1009 4095 1225 4170 immobilem
1250 4097 1285 4170 in
1311 4098 1420 4174 alium
