3116 5214
801 526 850 542 ..
865 485 913 560 ρο
929 517 976 542 s..

359 627 505 719 nepotes
530 620 585 696 vel
609 627 837 718 pronepotes,
856 628 892 695 et
913 621 950 695 in
973 619 1148 695 infinitum
1171 609 1428 700 descendentes

218 821 225 835 ,
292 750 299 761 ‘
362 763 404 811 ex
418 739 524 812 fratre
538 738 594 813 vel
607 738 772 811 fratribus
789 738 1034 835 praemortuis,
1050 745 1137 813 tunc
1153 739 1239 813 licet
1256 741 1363 814 frater
1379 744 1428 816 sit

362 855 398 927 in
417 858 525 953 gradu
550 857 739 953 proximior
758 857 957 945 decedenti,
977 857 1210 931 nihilominus
1229 859 1293 933 frlii
1310 861 1367 934 vel
1387 862 1428 935 fr·

360 974 447 1062 liae,
468 981 612 1069 nepotes
628 974 686 1047 vel
704 979 843 1070 neptes,
864 980 1071 1071 pronepotes
1089 975 1144 1048 vel
1163 982 1367 1072 proneptes,
1388 984 1426 1050 et

360 1093 421 1165 alii
454 1093 705 1166 descendentes
728 1115 769 1165 ex
793 1093 899 1167 fratre
922 1094 978 1166 vel
1001 1091 1166 1166 fratribus
1193 1096 1425 1191 praemortuis

360 1210 554 1305 aequaliter
568 1210 762 1283 succedunt
776 1233 856 1284 cum
871 1208 1037 1284 fratribus
1054 1207 1240 1284 defunctae
1256 1233 1425 1309 personae

357 1327 395 1400 in
420 1327 563 1422 stirpem
586 1326 741 1413 scilicet;
763 1327 810 1399 ita
833 1326 973 1422 quodsi
992 1326 1083 1400 inter
1106 1327 1200 1424 ipsos
1224 1333 1368 1425 nepotes
1391 1335 1427 1401 et

358 1452 584 1543 pronepotes,
613 1449 649 1515 et
672 1443 836 1540 deinceps
859 1443 1004 1516 fratrum
1030 1453 1331 1539 praemortuorum
1356 1446 1427 1519 sint

359 1559 550 1648 foeminae,
573 1568 665 1655 'quae
689 1559 840 1633 habeant
863 1558 987 1633 iratres
1011 1560 1309 1654 consanguineos,
1331 1561 1425 1658 ipsae

359 1677 526 1750 mulieres
552 1699 571 1747 a
594 1676 787 1772 praemissa
811 1677 1034 1750 successione
1059 1677 1314 1764 excluduntur,
1342 1700 1424 1752 cum

363 1793 487 1866 fratres
503 1793 595 1892 ipsas
611 1791 762 1865 habeant
776 1793 953 1880 maritare,
972 1799 1011 1867 ut
1024 1793 1183 1889 superius
1199 1793 1332 1866 dictum
1355 1801 1422 1866 est.

407 1911 505 1997 Quod
528 1917 643 1982 autem
663 1909 796 1982 dictum
815 1916 869 1982 est
886 1910 921 1981 iu
941 1909 1123 1998 fratribus,
1144 1909 1340 2007 nepotibus,
1364 1933 1425 1984 ne·

358 2026 494 2124 ptibus,
515 2026 762 2124 pronepotibus
782 2033 816 2098 et
833 2025 1059 2122 proneptibus
1082 2025 1228 2100 fratrum
1250 2050 1425 2122 praemor-

358 2154 511 2232 tuorum,
529 2152 565 2217 et
578 2145 754 2240 deinceps,
772 2143 823 2214 eis
842 2165 911 2215 nou
930 2143 1139 2229 extantibus,
1157 2144 1423 2240 intelligendum

353 2270 413 2342 ¹est
431 2263 474 2334 de
492 2261 572 2333 aliis
590 2261 626 2331 in
646 2257 871 2332 ulterioribus
888 2259 1052 2356 gradibus
1069 2257 1425 2356 existentibus-agna·

360 2380 407 2451 lis
430 2380 484 2452 vel
509 2378 678 2474 cognatis.
703 2376 748 2448 Et
769 2379 805 2448 in
828 2377 1027 2472 praemissis
1051 2375 1283 2474 appellatione
1307 2377 1424 2462 fratris

359 2515 457 2569 soror
475 2495 785 2582 noncontinetur,
804 2501 1045 2591 praeterquam
1065 2493 1095 2566 si
1112 2517 1211 2567 soror
1234 2501 1367 2591 partem
1385 2502 1425 2568 ut

361 2638 452 2687 unus
477 2637 520 2687 ex
548 2612 712 2685 fratribus
739 2613 920 2685 habuisset
944 2634 986 2684 ex
1011 2611 1111 2698 bonis
1135 2613 1310 2710 paternis:
1339 2621 1424 2688 tunc
1534 2595 1535 2628 ἶ

359 2732 452 2802 enim
472 2731 547 2828 ipsa
566 2755 664 2831 soror
682 2731 839 2828 ejusdem
855 2729 1067 2804 conditionis
1085 2738 1139 2803 est
1153 2732 1267 2827 quoad
1285 2731 1424 2830 praedi·

358 2855 414 2921 cta
436 2870 477 2920 ac
494 2849 524 2919 si
543 2854 637 2921 essct
659 2846 855 2935 masculus,
883 2853 919 2918 et
941 2847 1016 2943 ejus
1034 2846 1097 2919 flii
1114 2853 1150 2920 et
1168 2847 1423 2921 descendentes

358 2967 529 3040 habentur
553 2967 666 3063 quoad
695 2965 730 3039 id
757 2965 850 3040 sicut
872 2965 936 3040 frlii
960 2971 996 3040 et
1019 2965 1080 3040 alii
1102 2964 1355 3042 descendentes
1378 2989 1422 3040 ex

359 3083 538 3158 masculis.
902 3077 907 3094 ’

782 3201 939 3275 Ruemcn
954 3199 998 3272 ll.

586 3439 636 3513 Dc
651 3437 910 3521 sacrationibus
927 3460 972 3511 cc
989 3445 1194 3512 testamento.

405 3674 443 3750 Si
462 3673 589 3770 aliquis
608 3675 761 3747 moriens
778 3674 902 3748 fecerit
919 3679 1167 3748 testamentum
1181 3673 1313 3750 habens
1328 3676 1420 3750 filios

356 3818 418 3868 seu
443 3793 591 3880 liberos,
619 3798 733 3892 potest
758 3794 921 3867 debonis
948 3794 1021 3866 suis
1045 3793 1227 3889 acquisitis
1253 3817 1315 3892 per
1338 3818 1420 3869 eum

356 3912 540 4008 disponere
563 3937 624 4009 pro
641 3912 706 3987 ¹suo
725 3913 868 3987 arbitrio
885 3911 1091 3998 voluntatis,
1111 3911 1229 3986 debito
1247 3912 1420 3987 bonorum

340 4013 345 4027 '¹
356 4029 512 4103 subsidio
531 4031 567 4104 in
585 4031 688 4104 dictis
704 4028 805 4104 bonis
822 4029 1004 4127 acquisitis
1020 4028 1140 4101 liberis
1158 4035 1345 4104 reservato.
1369 4033 1418 4104 De

357 4146 459 4222 bonis
470 4157 585 4222 autem
599 4148 753 4246 paternis
766 4155 802 4223 et
815 4149 982 4224 maternis
994 4146 1104 4244 ipsius
1117 4143 1285 4236 defuncti,
1294 4153 1330 4234 et
1341 4148 1420 4247 aliis
