3116 5214
585 486 762 562 ..23-

151 637 187 702 et
204 631 245 701 do
263 629 391 725 paratis
409 651 470 723 pro
487 627 608 698 eadem
627 627 774 700 muliere
790 629 862 700 sive
876 630 919 700 ad
933 653 1034 701 usum
1056 631 1214 704 mulieris

150 753 331 820 constante
349 745 583 832 matrimonio,
605 751 640 816 et
658 745 700 816 de
718 745 855 816 donatis
873 746 986 817 eidem
1001 770 1020 818 a
1038 747 1111 820 viro
1126 754 1214 820 tem·

149 884 233 959 pore
258 860 429 934 eontraoti
447 858 680 946 matrimonii,
701 865 802 955 prout
827 864 863 930 in
882 861 1037 954 proximo
1058 863 1211 958 capitulo

149 977 365 1062 continetur,
386 998 489 1072 super
507 975 551 1046 iis
566 974 659 1046 enirn
673 980 787 1071 potest
800 975 873 1072 ipsa
882 977 1015 1049 mulier
1029 978 1214 1074 disponere

148 1118 210 1192 pro
228 1116 292 1165 suo
310 1091 452 1164 arbitrio
467 1089 656 1163 voluntatis
665 1090 765 1185 juxta
777 1097 934 1164 tenorem
954 1091 1098 1188 oapituli
1114 1118 1216 1189 prae·

147 1212 315 1288 cedentis.
333 1211 469 1284 Liberis
492 1207 708 1298 extantibus,
730 1218 891 1283 teneatur
915 1218 1075 1306 quartam
1105 1214 1213 1285 relin-

149 1352 255 1425 quere
272 1328 354 1401 filiis
372 1329 470 1402 illius
488 1327 722 1416 matrimonii,
743 1351 762 1400 a
781 1351 848 1423 quo
867 1335 1025 1423 quartam
1045 1328 1180 1403 habuit.

558 1569 715 1644 nusum
731 1568 802 1640 Vll.

172 1803 220 1878 De
235 1803 318 1899 filiis
335 1803 520 1877 nolenttbus
537 1825 612 1875 oum
624 1811 738 1897 patre,
757 1801 808 1875 ael
824 1825 842 1874 e
858 1825 1029 1892 eoareroo,
1049 1809 1187 1892 morari,

373 1947 432 1996 sea
447 1924 487 1997 cle
503 1923 737 1996 alimentorum
750 1925 989 2017 praestatione.

184 2159 231 2234 'Si
250 2158 328 2254 quis
345 2157 477 2230 habeat·
489 2157 580 2228 filios
598 2178 660 2227 seu
680 2155 808 2229 liberos
822 2157 1074 2253 cujuscumque
1088 2183 1208 2249 sexus,

144 2284 181 2351 et
204 2276 267 2348 lilii
291 2299 353 2348 seu
371 2275 472 2347 liberi
492 2275 607 2346 nolint
623 2297 703 2347 eum
722 2275 796 2370 ipso
814 2296 910 2361 esse,
930 2273 985 2348 vei
1004 2284 1100 2371 pater
1118 2279 1209 2352 nolit

144 2396 239 2490 ipsos
256 2394 310 2468 uel
328 2394 480 2488 aliquem
495 2417 535 2465 ex
552 2392 636 2490 ipsis
651 2400 770 2465 tenere
786 2415 905 2464 seeum
922 2393 956 2464 in
972 2394 1090 2480 domo,
1112 2403 1210 2490 pater

143 2515 249 2588 debet
277 2513 470 2586 seeundum
502 2534 686 2583 numerum
711 2511 864 2582 filiorum
887 2508 942 2582 vel
969 2510 1120 2584 filiarum
1146 2537 1209 2586 seu

142 2631 333 2707 liberorum
359 2631 401 2702 de
425 2628 525 2702 bonis
544 2630 698 2727 paternis
718 2636 753 2701 et
772 2628 938 2701 maternis
957 2631 1048 2716 sais,
1075 2638 1111 2703 et
1129 2631 1208 2703 aliis

145 2746 177 2819 ei
201 2744 468 2819 obvenientibus
497 2768 515 2816 a
537 2743 815 2838 quibuscumque
838 2744 1109 2846 consanguineis
1133 2745 1208 2816 suis

144 2864 280 2960 agnatis
299 2864 355 2936 vel
373 2862 542 2958 cognatis,
564 2884 700 2934 neouon
720 2860 763 2931 de
781 2860 882 2932 bonis
901 2861 990 2932 datis
1017 2860 1129 2933 eidem
1150 2886 1210 2958 pa-

144 2983 233 3070 renti
252 2981 286 3051 in
305 2981 422 3051 dotem
440 3001 460 3051 a
478 2984 588 3049 matre
606 2976 679 3050 sivo
699 2999 758 3073 pro
778 2984 885 3047 matre
906 2976 1026 3048 liboris
1052 3001 1210 3051 eommu-

143 3097 246 3170 nibus
264 3097 431 3168 alimenta
449 3102 640 3191 praestare.
660 3093 708 3164 lta
728 3092 818 3187 quod
839 3093 941 3162 matri
960 3093 1044 3186 ipsi,
1068 3103 1205 3169 mortuo

142 3217 229 3301 viro,
243 3215 379 3287 nullum
394 3211 647 3310 praejudicium
663 3209 787 3283 insuia
802 3210 953 3299 dotibus,
967 3233 1052 3306 quas
1069 3223 1206 3285 mortuo

143 3332 217 3403 viro
242 3329 372 3402 liberas
395 3329 523 3400 habere
546 3325 666 3412 debet,
687 3334 886 3420 generetur.
907 3327 1079 3400 Videlicet
1098 3328 1127 3400 si
1146 3327 1208 3398 ha-

143 3449 224 3522 beat
242 3449 333 3522 filios
356 3449 460 3531 duos,
481 3467 626 3518 uxorem
646 3443 771 3516 habeat
789 3445 844 3517 vel
863 3469 933 3520 uon
951 3445 1088 3532 habeat,
1110 3453 1208 3541 peter
1304 3442 1309 3448 ’

143 3574 277 3640 retento
295 3565 361 3638 sibi
381 3587 441 3662 pro
460 3586 497 3635 se
516 3573 552 3634 et
570 3583 677 3634 uxore
695 3584 771 3648 sua,
791 3570 826 3632 et
843 3561 934 3633 idem
948 3562 978 3633 si
993 3585 1061 3633 non
1080 3561 1205 3632 habeat

144 3705 309 3771 uxorem,
340 3681 526 3755 medietate
551 3678 729 3751 iruotuum
753 3676 926 3750 dictorum
950 3679 1121 3752 bonorum
1145 3702 1205 3773 pa·

143 3809 323 3874 ternorum
346 3808 382 3872 et
402 3806 660 3884 maternorum,
680 3796 852 3890 reliquam
871 3799 1094 3870 medietatem
1113 3795 1208 3868 irua-

142 3927 244 3993 tuum
274 3919 447 3992 diotorum
467 3918 638 3990 bonorum
656 3923 817 3988 teneatur
834 3918 916 3989 dare
932 3918 1016 4014 ipsis
1034 3916 1116 3988 filiis
1134 3917 1226 3988 suis

144 4067 204 4142 pro
224 4040 503 4115 substentatione
528 4038 694 4132 ipsorum.
716 4037 806 4110 Etsi
826 4037 1006 4131 contingat
1027 4057 1137 4106 unum
1163 4060 1206 4108 ex

144 4167 230 4264 ipsis
253 4162 339 4237 liliis
359 4159 460 4247 mori,
482 4164 657 4255 superstes
677 4158 770 4230 lilius
788 4156 914 4230 habeat
931 4181 992 4254 pro
1006 4156 1205 4229 substenta-
