3116 5214
167 597 331 671 extollere
354 601 390 668 et
411 594 525 666 lacere
544 592 637 666 aliud
655 592 821 666 solarium
841 618 903 680 seu
924 598 1135 687 membrum,
1156 622 1217 695 po·
1315 643 1316 648 =

166 725 235 790 test
261 719 296 790 in
322 717 397 813 ipso
423 713 549 787 solario
574 713 645 786 sive
665 715 836 802 membro,
857 717 948 811 quod
962 719 1009 792 de
1027 743 1116 794 novo
1134 743 1217 793 eon-

166 835 282 920 struit,
302 841 355 906 tot
370 831 531 905 domities
550 837 585 902 et
600 830 687 902 alias
703 837 881 925 aperturas
899 831 1032 921 lacero,
1054 845 1138 931 quot
1157 837 1218 909 ha·

165 951 224 1024 bet
241 951 276 1022 in
295 948 363 1022 alio
386 947 512 1019 solario
537 969 599 1019 seu
624 945 778 1018 membro
796 948 923 1035 veteri,
944 972 1030 1045 quae
1049 951 1218 1043 dossitiae

167 1075 202 1140 et
218 1074 398 1165 aperturae
424 1086 492 1137 nen
518 1064 589 1135 sint
613 1061 799 1159 ampliores
818 1087 881 1138 nee
900 1064 1073 1162 longiores
1089 1067 1217 1142 ueteri-

165 1184 230 1256 bus
256 1179 443 1278 aperturis,
471 1186 507 1252 ot
531 1178 674 1250 dantia
701 1178 871 1252 directum
895 1180 1041 1256 aliarum
1059 1190 1217 1257 ueterum

165 1306 422 1396 aperturarum;
450 1303 485 1369 et
509 1295 630 1368 eodem
657 1295 757 1368 modo
783 1301 819 1367 et
843 1295 952 1369 lorma
969 1305 1083 1394 potest
1100 1297 1215 1372 lacere
1323 1377 1327 1384 ,

166 1411 201 1490 in
221 1416 374 1512 quelibet
391 1416 531 1501 solario,
552 1415 664 1511 posito
683 1414 773 1509 quod
793 1413 891 1510 plura
910 1414 1035 1487 solaria
1054 1416 1173 1490 laeiat.

213 1533 336 1607 Contra
349 1532 532 1604 habentem
546 1531 745 1603 casalenum
761 1532 833 1606 sive
847 1533 988 1603 domum
1004 1532 1216 1605 destructam

166 1653 256 1725 circa
274 1655 457 1724 servitutes
478 1651 634 1748 ejusdem
652 1650 804 1723 casaleni
824 1658 859 1724 et
876 1653 1000 1723 domus
1020 1652 1212 1739 faciendae,

165 1768 291 1864 aliquis
307 1767 443 1841 vicinus
461 1768 594 1862 aliquas
614 1773 791 1863 aperturas
810 1791 913 1862 supra
933 1768 1063 1840 dictum
1083 1769 1216 1841 casale·

164 1909 247 1958 num
264 1886 318 1960 vel
337 1884 568 1982 projiciendo,
589 1885 643 1957 uel
661 1884 791 1978 aliquid
809 1884 1026 1978 immittendo
1047 1885 1082 1955 in
1100 1886 1218 1981 ipsum

164 2003 382 2088 casalenum,
406 2003 461 2076 vel
477 1993 613 2096 'aliquid
635 2000 676 2070 ‘in
704 2001 813 2096 ipsius
831 2000 985 2074 casulani
1017 2002 1070 2074 vel
1092 2003 1217 2076 domus

163 2120 359 2192 destructae
384 2117 634 2214 praejudicium
662 2116 837 2201 iaciendo,
862 2119 1089 2214 praescriptio
1109 2121 1216 2190 etiam

162 2235 356 2330 longissimi
374 2234 538 2329 temporis
555 2257 623 2304 non
644 2233 791 2304 obsistit.
810 2265 812 2269 ·

211 2353 247 2426 Si
270 2352 348 2445 quis
370 2348 500 2421 habens
524 2349 650 2421 curtim
676 2349 730 2422 uel
759 2349 898 2420 hortum
920 2351 1020 2446 Juxta
1046 2351 1212 2446 parietem

163 2471 285 2542 domus
300 2468 419 2552 vicini,
437 2468 472 2538 in
486 2490 552 2562 quo
566 2466 696 2562 pariete
710 2467 806 2538 nulla
821 2473 874 2537 est
888 2467 1032 2540 dossitia
1047 2470 1099 2541 vel
1114 2492 1215 2565 aper-

162 2594 257 2674 tura,
278 2593 314 2658 et
334 2592 448 2656 tamen
467 2583 595 2681 inipso
617 2583 747 2680 pariete
767 2606 877 2679 penna
895 2585 976 2655 tecti
995 2585 1049 2657 vel
1068 2587 1212 2673 astraei,

162 2728 223 2802 per
245 2728 346 2800 quam
372 2702 551 2775 stillicidia
575 2701 609 2772 in
635 2701 743 2796 ipsam
766 2702 893 2772 curtim
916 2705 969 2775 vel
994 2703 1133 2775 hortum
1153 2703 1215 2775 de·

163 2828 309 2894 currunt
332 2821 384 2894 vel
404 2821 580 2902 defluunt,
599 2819 751 2914 velitque
770 2819 899 2895 habens
918 2820 1052 2924 curtim
1061 2822 1115 2892 vel
1134 2821 1216 2892 hor·

162 2946 237 3011 tum
257 2938 291 3008 in
311 2937 399 3008 curti
418 2936 470 3008 vel
490 2938 589 3006 horto
614 2944 815 3008 construere
839 2936 1033 3008 aedificium
1049 2939 1147 3033 juxta
1164 2937 1214 3010 vi-

163 3055 233 3129 eini
252 3056 429 3152 parietem,
446 3055 688 3150 conjungendo
707 3054 918 3142 aedificium,
935 3056 1026 3148 quod
1045 3054 1139 3141 lacit,
1157 3079 1214 3150 pa-

162 3175 241 3246 rieti
264 3173 387 3258 vieini,
409 3179 444 3245 et
460 3173 545 3245 velit
562 3172 651 3244 ultra
670 3196 818 3267 pennam
837 3172 919 3244 tecti
937 3174 992 3245 vel
1011 3172 1135 3244 astraei
1156 3195 1214 3244 ae·

163 3292 315 3365 dilicium
346 3298 566 3375 construere,
601 3298 782 3387 postquam
813 3291 1008 3363 aedificavit
1033 3312 1143 3384 usque
1172 3289 1215 3360 ad

161 3432 309 3503 pennam
335 3409 417 3480 tecti
443 3407 496 3481 vel
524 3405 649 3479 astraei
675 3408 777 3478 vicini
805 3431 909 3503 prope
930 3431 991 3504 per
1011 3429 1119 3477 unum
1137 3404 1211 3500 pal·

164 3551 258 3598 inum
277 3523 527 3623 prolongando,
549 3527 766 3621 postmodum
786 3550 845 3622 per
863 3527 949 3597 duos
967 3526 1099 3621 palmos
1121 3523 1211 3597 ultra

163 3666 265 3739 quam
282 3667 390 3738 penna
410 3644 493 3715 tecti
513 3643 565 3714 uel
584 3643 709 3714 astraei
728 3643 832 3715 vieini
852 3642 1081 3738 protenditur,
1099 3650 1213 3738 potest

163 3760 199 3832 in
218 3760 326 3830 altum
353 3759 519 3831 extollere
545 3759 759 3843 aedificium,
781 3760 871 3852 quod
892 3758 992 3831 facit:
1014 3759 1042 3830 si
1062 3759 1146 3831 lacit
1164 3758 1212 3830 ibi

163 3883 355 3962 astracunr,
382 3883 561 3946 construat
583 3875 767 3969 parietem,
789 3876 846 3970 qui
865 3877 1090 3970 protendatur
1108 3876 1143 3946 iu
1162 3875 1212 3946 al·

163 4003 236 4066 tum
251 4017 310 4090 per
323 3992 471 4089 spatium
484 4014 614 4063 cannae
633 3993 737 4063 unius
752 3993 793 4063 ad
810 3993 936 4077 minue,
955 3992 995 4062 ad
1017 3992 1080 4062 hoe
1100 3998 1138 4063 ut
1153 3993 1212 4087 qui

164 4112 324 4186 aedificat
347 4134 416 4182 non
439 4108 547 4206 possit
564 4109 735 4204 inspicere
753 4133 856 4205 supra
874 4109 980 4182 vicini
998 4109 1210 4198 aedificium;
