3116 5214
589 431 765 541 ..or-7

540 693 697 770 Ruumeu
712 688 840 764 xuvu.

553 927 602 1006 De
611 931 693 1025 jure
707 928 818 1024 ltuott.

206 1139 353 1235 Quodsi
372 1140 500 1238 aliquis
517 1141 624 1216 homo
642 1142 729 1216 emit
746 1143 898 1241 aliquam
915 1149 1057 1230 terrum,
1075 1144 1217 1222 domum

159 1257 342 1333 seueliem
358 1281 430 1332 rem
445 1260 488 1332 ad
502 1257 606 1332 tinem
620 1259 946 1358 ulioujushomiuis‚
956 1268 992 1334 et
1005 1261 1066 1334 ille
1082 1269 1219 1360 emptor

161 1375 309 1472 requirit
330 1375 463 1450 dietum
488 1373 696 1450 eoufiualem
720 1375 756 1448 in
776 1376 910 1474 iudicio
932 1379 987 1453 vel
1009 1385 1108 1452 extre
1123 1379 1219 1476 judi·
1270 1425 1273 1434 ι

159 1493 253 1568 oium
272 1515 389 1568 eorem
406 1491 575 1580 tertioue,
595 1494 688 1591 quod
707 1493 780 1591 ipse
798 1496 885 1568 emit
901 1501 1049 1584 terram,
1074 1497 1221 1574 domum

158 1632 222 1684 seu
245 1610 350 1684 ulium
368 1632 441 1684 rem
460 1607 503 1684 ud
522 1609 626 1683 finem
648 1633 749 1684 cesae
767 1635 865 1699 suae,
881 1619 917 1686 et
933 1619 1091 1710 paratum
1110 1637 1154 1699 se,
1166 1614 1218 1687 oi-

159 1723 228 1799 iert
252 1725 398 1798 reddere
424 1745 487 1799 seu
513 1724 698 1815 restituere
721 1725 810 1800 illud
835 1728 926 1823 quod
944 1729 1030 1803 emit
1050 1728 1092 1800 ad
1112 1729 1217 1806 sunem

160 1867 241 1919 eum
261 1843 356 1940 justo
379 1842 490 1940 pretio
509 1840 592 1916 inde
610 1840 745 1929 soluto,
766 1850 802 1916 et
818 1842 933 1924 faeere
951 1843 1019 1918 sihi
1036 1845 1216 1942 publieum

156 1961 453 2046 instrumentum,
485 1960 577 2057 quod
602 1960 632 2034 si
657 1960 719 2034 ille
745 1962 1040 2038 eonssnalisiufre
1060 1987 1216 2040 mensem
1337 1992 1339 2004 ·

157 2101 267 2154 unum
285 2077 329 2153 ed
352 2078 432 2176 plue
454 2095 522 2152 nou
540 2077 599 2150 dat
612 2077 748 2173 justum
766 2079 917 2174 pretium
936 2080 1031 2154 dieto
1052 2080 1213 2186 emptori,

157 2194 276 2291 elapso
302 2191 398 2267 dieto
423 2195 572 2268 termino
596 2195 657 2268 ille
683 2201 818 2290 emptor
842 2217 910 2268 uon
934 2202 1096 2270 teneatur
1121 2197 1216 2271 dicto

158 2309 321 2386 confinali
341 2311 384 2385 ed
402 2309 534 2408 aliquid
550 2311 684 2386 ratione
700 2311 900 2408 emptionis.

523 2546 679 2625 Ruomou
702 2545 847 2622 Xtvltt

533 2777 581 2854 De
590 2780 671 2874 jure
686 2781 835 2877 eouprui.

204 3014 304 3106 Quod
322 3015 351 3090 si
366 3014 494 3112 aliquis
510 3015 616 3091 homo
631 3012 721 3088 emit
738 3012 890 3109 aliquem
906 3018 1048 3100 terram,
1066 3013 1210 3090 domum

157 3157 221 3210 seu
245 3134 350 3208 eliam
370 3156 445 3208 rem
468 3131 511 3207 ed
529 3131 634 3204 finem
657 3135 771 3204 terreo
787 3153 852 3204 eeu
869 3152 970 3204 oaouo
988 3130 1134 3206 alterius
1149 3133 1219 3216 tro-³

159 3253 278 3340 minis,
299 3275 387 3350 quoe
405 3259 498 3338 terre
516 3271 585 3326 uon
602 3250 649 3324 sit
666 3249 831 3328 adfinem
849 3258 962 3325 terrae
980 3251 1064 3326 dieti
1077 3259 1214 3355 ¹empto·

157 3370 224 3458 ris,
243 3369 335 3467 quod
353 3369 383 3444 si
402 3369 463 3444 ille
481 3367 664 3444 confinalis
682 3367 772 3441 nolit
789 3367 966 3442 vindicare
984 3389 1061 3443 eum
1079 3391 1099 3442 a
1117 3369 1211 3444 dioto

159 3493 313 3585 emptore
341 3509 422 3562 eum
452 3486 562 3584 pretio
593 3485 676 3561 iude
705 3485 840 3576 soluto,
860 3486 917 3564 uel
935 3485 1161 3583 appretiatum
1182 3487 1213 3561 si

158 3609 294 3704 emptor
323 3602 430 3678 tuerit
458 3602 630 3690 villanus,
659 3599 854 3698 queunte,
882 3601 1029 3698 quistet
1045 3599 1088 3676 ad
1106 3601 1225 3684 finem

158 3727 272 3794 terreo
300 3717 385 3792 dieti
410 3715 612 3805 confinalis,
637 3717 766 3815 poterit
789 3716 967 3794 viudieure
990 3717 1121 3792 edicto
1139 3739 1212 3792 em·

159 3845 259 3938 ptoro
274 3835 402 3911 dietam
416 3841 544 3910 terram
557 3842 707 3934 emptam
726 3859 805 3910 eum
820 3837 916 3933 iusto
929 3835 1042 3934 pretio
1059 3835 1140 3908 iude
1156 3857 1213 3908 so·

157 3956 250 4042 luto,
270 3955 326 4031 vel
343 3955 373 4029 ei
390 3952 497 4029 fuerit
512 3953 664 4029 villanus
681 3955 920 4053 appretiatum,
940 3961 977 4028 et
997 3953 1057 4028 ille
1077 3959 1211 4052 emptor

158 4079 318 4148 teneatur
346 4063 384 4146 et
412 4070 535 4146 debeat
565 4069 751 4148 restituere
780 4072 909 4148 dietam
933 4078 1059 4146 terrum
1078 4070 1209 4171 potenti
