3098 5218
577 469 743 543 ..81-

136 611 271 686 fruetus
287 609 346 683 alii
361 610 420 707 qui
436 608 563 681 ibidem
579 606 762 705 prodeunt,
776 608 849 697 ille,
861 611 919 704 qui
934 609 1065 685 detinet
1079 612 1187 709 ipsam

134 728 170 800 in
187 728 341 824 colligis,
352 732 514 800 teneatur
526 724 693 798 etdebeat
704 725 786 798 dare
800 726 1020 800 medietatem
1035 730 1189 825 ipsorum

134 848 293 933 domino,
320 871 400 922 cum
426 868 493 942 quo
511 853 611 917 tenet
628 843 756 917 dictam
773 851 915 932 temam,
936 853 972 920 et
988 848 1098 944 ipsam
1117 873 1190 922 me-

133 963 299 1038 dietatem
317 965 389 1040 vini
406 968 566 1035 teneatur
576 967 759 1058 asportare
777 967 813 1032 et
830 964 997 1058 asportari
1016 963 1129 1039 iacere
1148 967 1191 1038 ad

2 1085 3 1092 ’
133 1104 304 1178 expensas
328 1102 533 1153 communes
561 1078 604 1150 ad
622 1078 764 1148 domum
782 1076 898 1166 illius,
919 1103 999 1152 eum
1017 1104 1085 1176 quo
1103 1081 1191 1155 deti·
1305 1103 1307 1106 ·

134 1206 195 1270 net
217 1197 346 1270 dictam
370 1202 518 1282 tenram,
538 1202 575 1267 et
599 1192 758 1289 quolibet
776 1216 866 1266 anno
883 1195 920 1266 in
937 1195 1123 1286 vindemiis
1141 1205 1192 1272 te·
1240 1211 1243 1216 '

10 1298 15 1309 ¹
134 1321 259 1387 neatun
273 1314 355 1385 dane
369 1321 405 1385 et
418 1313 593 1408 assignare
608 1310 748 1383 domino
760 1310 874 1384 dictae
888 1318 1001 1386 ternae
1015 1325 1076 1413 pro
1091 1338 1192 1390 escu-

135 1431 231 1503 lento
262 1438 299 1501 et
331 1429 517 1526 poculento
551 1434 707 1522 tempure
738 1427 992 1503 vindemiarum
1026 1432 1193 1527 gallinam

134 1570 239 1620 unam
269 1552 305 1618 et
333 1567 439 1640 grana
459 1546 612 1640 quinque
630 1597 638 1630 ,
675 1543 723 1617 ita
747 1551 865 1616 tamen
886 1545 915 1617 si
935 1545 971 1618 in
989 1547 1081 1621 dicta
1098 1555 1191 1622 terra

133 1663 217 1735 fiant
234 1661 333 1757 cagia
351 1670 429 1734 octo
448 1661 490 1732 de
505 1661 587 1734 vino
601 1661 656 1734 vel
675 1662 772 1758 plus:
791 1662 833 1733 de
848 1662 975 1734 minori
988 1686 1070 1736 veno
1084 1687 1193 1760 quan·

136 1778 236 1850 titate
250 1777 374 1850 debeat
387 1782 422 1848 et
438 1782 602 1849 teneatur
616 1776 698 1848 dane
712 1777 827 1850 eidem
841 1779 1064 1851 medietatem
1079 1780 1192 1854 dictae

132 1895 284 1991 gallinae
302 1901 338 1966 et
355 1916 464 1989 grana
478 1893 547 1966 duo
566 1915 646 1966 cum
662 1893 819 1968 dimidio.
836 1893 879 1966 llt
892 1899 1046 1992 tempore
1062 1896 1192 1970 aestivo

131 2018 294 2084 teneatue
320 2016 356 2082 et
386 2009 511 2081 debeat
534 2009 616 2080 dare
633 2009 774 2082 domino
793 2011 905 2083 dietae
923 2017 1036 2083 ternae
1053 2013 1192 2085 tentiam

133 2133 267 2228 partem
286 2127 492 2202 victualium
510 2127 642 2200 ibidem
660 2127 879 2231 facientium,
895 2135 930 2199 et
948 2128 1123 2204 adducere
1142 2132 1193 2203 ei·

133 2249 213 2320 dem
232 2247 275 2318 ad
295 2248 437 2319 domum
456 2270 556 2319 suam
575 2246 618 2318 ad
632 2269 801 2342 expensas
814 2269 909 2332 suas,
926 2251 962 2318 et
979 2246 1061 2318 dare
1079 2247 1193 2319 eidem
1243 2303 1252 2316 „

133 2391 196 2464 pro
214 2367 396 2439 esculento
410 2371 445 2437 et
458 2364 646 2461 poculento
661 2364 818 2460 quolibet
830 2387 922 2448 anno
936 2387 999 2440 ova
1013 2355 1200 2439 sexdecim

133 2494 170 2558 et
186 2484 340 2559 cotulam
355 2507 463 2557 unam
476 2485 518 2556 de
534 2507 641 2580 granc
656 2485 712 2558 vel
727 2484 769 2556 de
782 2484 885 2572 fabis,
902 2505 990 2580 quae
1004 2491 1059 2557 est
1071 2491 1192 2580 quanta

133 2624 212 2698 pars
230 2599 337 2674 medii
360 2600 508 2688 tumuli,
529 2609 564 2674 et
582 2606 740 2695 quartam
760 2624 864 2675 unam
883 2599 991 2676 unius
1011 2601 1100 2697 cugii
1119 2601 1191 2676 vini

132 2719 280 2806 mundi,
309 2717 357 2790 ita
382 2724 501 2790 tamen
524 2741 605 2791 cum
628 2718 659 2790 si
678 2718 764 2790 bant
780 2719 817 2790 in
836 2719 927 2793 dicta
944 2726 1038 2792 tenna
1057 2718 1193 2792 tumula

133 2839 283 2932 quatuor
301 2831 342 2903 de
360 2831 572 2905 victualibus
589 2832 644 2904 vel
663 2832 762 2929 plus:
777 2833 819 2904 da
839 2833 965 2904 minori
983 2857 1065 2907 veno
1083 2855 1192 2930 quan-

136 2951 238 3022 titate
262 2955 423 3021 teneatur
447 2953 482 3019 et
505 2946 630 3020 debeat
656 2949 738 3020 dana
772 2949 913 3021 dominu
938 2950 1051 3022 dictae
1081 2957 1193 3023 terrae

137 3054 362 3139 medietatem
385 3087 503 3136 rerum
529 3064 702 3136 dictarum
721 3071 757 3136 et
774 3065 981 3139 victualium
1001 3066 1194 3162 praedicto-

133 3210 225 3259 rum.
237 3184 281 3256 Et
297 3185 327 3256 si
345 3183 433 3256 sonte
452 3189 556 3255 erunt
574 3182 621 3255 ibi
640 3184 755 3278 aliqua
769 3185 862 3281 ligna
877 3185 1088 3273 castanicea,
1104 3209 1192 3282 quae

132 3304 324 3401 vulgariter
354 3303 521 3377 dicuntur
552 3302 693 3399 paulula,
717 3303 797 3389 ille,
819 3304 877 3399 qui
896 3303 1029 3376 detinet
1046 3303 1138 3376 dicta
1157 3304 1192 3375 in

127 3420 295 3515 colligis,
329 3441 410 3492 cum
440 3417 566 3492 notitia
595 3417 749 3505 domini,
780 3421 882 3514 eujus
905 3425 959 3489 est
976 3417 1069 3489 dicta
1086 3424 1190 3507 terna,

135 3536 290 3632 quolibet
307 3536 488 3634 septennio
506 3543 671 3609 teneatur
690 3542 726 3607 et
745 3535 869 3608 debeat
887 3535 1041 3608 incidere
1060 3559 1122 3608 seu
1141 3537 1194 3609 in-

136 3652 207 3728 cidi
224 3653 337 3726 lacena
355 3654 447 3728 dicta
466 3654 587 3749 profila
606 3654 648 3725 ad
667 3678 749 3727 suas
768 3677 950 3750 emensas,
968 3659 1004 3726 et
1021 3655 1102 3726 daec
1122 3678 1194 3726 me-

136 3772 301 3845 dietatem
319 3795 361 3845 en
380 3771 430 3843 eis
448 3769 601 3856 domino,
626 3773 727 3868 cujus
745 3779 798 3844 est
815 3772 908 3848 dicta
926 3783 1034 3857 tenna,
1055 3783 1090 3844 et
1106 3781 1194 3843 tem·

136 3912 218 3985 pone
245 3885 428 3961 incisionis
457 3892 619 3960 teneatur
643 3895 678 3961 et
704 3888 827 3960 debeat
849 3891 982 3962 nutrire
1012 3889 1191 3960 dominum

139 4006 251 4080 dictae
269 4010 381 4078 temae
397 4005 496 4101 Juxta
521 4003 722 4078 facultatem
742 4012 777 4077 et
794 4006 1061 4102 possibilitatem
1078 4029 1189 4078 suam.

981 4210 987 4236 r

957 4258 973 4311 6
