3108 5208
583 475 758 554 --53

514 730 669 809 Rumina
687 733 836 808 xxxin.

347 967 398 1042 De
411 966 669 1065 llponizenlibua
682 971 794 1066 ripam
810 975 964 1050 alteriue.

186 1203 331 1293 Quod
302 1206 425 1303 siquis
442 1207 546 1280 horno
562 1213 681 1302 rappat
696 1205 752 1282 vel
764 1229 899 1306 mpparr
890 1205 999 1283 iaeil
1012 1211 1141 1282 lamam
1155 1207 1198 1280 de

132 1321 212 1419 ripa
229 1321 379 1421 alicujus
393 1320 538 1398 alterius
552 1322 925 1398 hominisauetoritate
938 1323 1089 1423 propria,
1105 1324 1198 1420 quod

132 1439 199 1511 ille
217 1437 339 1526 homo,
360 1440 420 1537 qui
437 1447 558 1537 zappat
573 1462 637 1513 seu
654 1463 789 1538 eappan
780 1439 904 1527 laeil,
928 1447 970 1514 ut
985 1441 1196 1529 dictumest,

130 1562 297 1629 teneatur
318 1563 354 1630 et
377 1556 501 1631 debeat
516 1578 723 1654 eomparare
742 1556 881 1630 nomina
905 1579 1037 1654 poenae
1058 1555 1199 1630 domino

11 1682 12 1695 ¹
131 1673 250 1748 dietae
267 1675 364 1771 ripae
380 1697 442 1772 per
460 1674 639 1772 quoslihet
651 1673 835 1752 duodeeim
848 1695 970 1773 passus
989 1674 1034 1748 de
1046 1673 1200 1770 longitu-

130 1791 216 1866 dine
245 1793 359 1866 dietae
387 1778 483 1892 ripae
513 1799 651 1866 tarenos
677 1791 1107 1890 duodeeimdmalphiae,
1137 1793 1198 1889 qui

129 1911 218 1982 sunt
234 1909 310 1982 euri
327 1915 419 1997 oete,
436 1921 472 1982 et
489 1914 649 1983 teneatur
662 1915 698 1981 et
711 1907 836 1983 debeal
851 1909 884 1983 ei
898 1910 1082 1983 restituere
1099 1908 1200 1982 dam-

130 2047 238 2112 num,
265 2025 296 2100 ei
320 2023 409 2100 illud
431 2025 569 2098 illalum
592 2024 699 2100 luerit
720 2025 868 2113 ibidem,
894 2033 930 2100 et
951 2025 1136 2100 restituere
1160 2025 1198 2098 in

130 2140 226 2214 dieta
242 2141 316 2238 ripa
330 2148 457 2216 terram
471 2142 552 2214 inde
565 2143 746 2230 elevatam
757 2149 792 2216 et
805 2140 912 2214 simili
923 2142 1024 2214 mode
1038 2149 1198 2216 teneatur

10 2262 11 2265 ’
130 2257 164 2332 si
181 2258 274 2332 dieta
291 2258 366 2354 ripa
384 2249 437 2330 est
454 2258 541 2331 eitra
554 2258 737 2356 duodecim
751 2277 889 2354 passum
904 2279 993 2354 quaa
1006 2257 1081 2356 ripa
1094 2257 1197 2332 debet

132 2397 211 2448 esse
229 2374 274 2448 de
289 2373 687 2473 altitudinepalmerum
705 2373 826 2448 trium.

528 2607 685 2685 Remum
702 2609 847 2684 XXXIV.

250 2917 256 2922 .
361 2848 411 2924 De
425 2850 645 2923 remeantibus
662 2853 772 2946 ripam
788 2850 940 2924 allerias.

179 3085 294 3164 Simili
317 3085 419 3159 mode
441 3092 601 3159 teneatur
625 3086 667 3158 de
689 3084 773 3183 ripis
797 3089 971 3160 runcatis:
993 3090 1060 3163 hoe
1075 3097 1191 3167 lamen

131 3202 271 3290 addito,
290 3203 382 3301 quod
401 3203 431 3274 ei
450 3202 611 3276 dominus
628 3201 723 3301 ripae
741 3201 847 3276 luerit
863 3204 1053 3300 requisitus
1072 3230 1091 3279 a
1109 3231 1192 3281 eorr-

10 3377 11 3380 ,
132 3319 246 3406 finali,
267 3319 359 3416 quod
377 3319 502 3393 debeat
515 3342 662 3394 runeare
676 3319 786 3417 ipsam
800 3321 910 3418 ripam
923 3329 959 3396 et
972 3346 1040 3397 non
1053 3331 1189 3412 ruuoat,

10 3483 11 3496 ι
129 3435 350 3534 postmodum
372 3459 442 3509 non
467 3443 626 3512 teneatur
647 3435 713 3510 sibi
731 3435 774 3508 ad
792 3436 944 3536 aliquam
962 3461 1108 3536 poenam
1127 3463 1191 3540 pro

11 3547 12 3550 '
129 3555 337 3632 runcatione
354 3554 543 3653 praediola.
