3116 5214
600 475 777 546 ...Π-

142 627 186 717 et
199 642 241 691 eo
256 619 397 716 pronius
411 616 453 689 ad
469 612 630 686 salsitatis
643 622 840 689 commenta
856 618 1067 706 decurritur,
1083 643 1152 716 quo
1166 619 1208 692 ad

150 758 331 828 perversae
347 731 537 810 voluntatis
553 731 724 805 intentum
743 733 880 807 facilior
898 739 1138 834 opportunitas
1157 737 1211 809 in-

148 854 299 926 venitur.

197 975 242 1046 Ut
264 995 345 1066 ergo
372 994 433 1067 per
456 968 673 1042 auctoritatis
697 976 835 1040 n'ostrae
854 973 1085 1066 praesidium,
1111 977 1211 1070 cujus

149 1099 204 1164 est
222 1088 399 1185 proprium
424 1087 459 1158 iu
484 1087 598 1157 lucem
626 1083 797 1156 deducere
822 1087 1022 1175 veritatem,
1048 1091 1212 1187 supplan·

148 1217 224 1281 tare
241 1204 398 1289 dissidia,
416 1203 585 1276 falsitates
600 1201 763 1288 evellere,
780 1204 928 1297 perjuria
943 1228 1114 1294 resecare,
1130 1231 1212 1282 cum

150 1326 198 1397 sit
214 1324 330 1397 lavere
350 1322 497 1394 crimina
516 1321 668 1416 ipsorum
689 1343 828 1392 causam
849 1343 917 1394 non
935 1324 1078 1410 tollere,
1099 1332 1134 1397 et
1153 1327 1212 1421 qni

150 1441 376 1539 reprobandis
396 1438 597 1512 excessibus
615 1437 755 1510 obviare
773 1439 919 1525 desinit,
941 1441 1050 1516 deviis
1068 1448 1103 1515 et
1120 1466 1213 1515 erra·

151 1559 195 1631 tis
213 1563 466 1651 consequenter
484 1555 648 1639 assentit,
668 1577 829 1649 expressa
849 1555 981 1652 pridem
1006 1566 1123 1630 nostra
1137 1560 1213 1654 jus-

150 1675 249 1748 sione
273 1672 521 1768 descripsimus
540 1695 600 1766 pcr
616 1670 850 1742 venerabilem
869 1671 913 1743 N.
933 1673 1017 1744 olim
1036 1673 1214 1772 Archiepi·

150 1815 293 1886 scopum
321 1789 479 1862 Civitatis
503 1787 655 1884 eiusdem
682 1793 717 1858 et
738 1786 923 1860 duodecim
946 1791 1039 1862 viros
1064 1792 1155 1864 vitae
1178 1797 1213 1864 et

151 1907 327 2004 opinionis
346 1904 496 1990 electae,
518 1903 688 1975 discretos
707 1909 742 1974 et
759 1903 949 1976 instructos
968 1905 1003 1976 in
1022 1905 1151 1978 talibus
1169 1906 1211 1979 ab

151 2024 382 2099 Universitate
404 2021 585 2116 eligendos
602 2019 748 2092 easdem
774 2043 895 2092 omnes
914 2044 1032 2109 veras,
1053 2023 1213 2117 antiquas

150 2149 188 2214 et
205 2138 408 2237 approbatas
431 2135 708 2210 Consuetudines
732 2135 888 2208 Civitatis
912 2137 1040 2232 ipsius,
1067 2161 1152 2232 quas
1170 2161 1212 2209 ex

150 2255 315 2330 concordi
336 2253 493 2328 virorum
511 2250 697 2348 proborum
717 2251 916 2324 testimonio
933 2253 986 2324 vel
1005 2253 1072 2324 alia
1092 2253 1213 2350 proba·

152 2375 248 2447 tione
267 2371 423 2466 legitima
441 2368 508 2464 ipsi
526 2365 678 2464 reperire
696 2367 865 2453 valerent,
886 2368 921 2439 in
940 2369 1107 2441 seriosam
1126 2370 1213 2442 scri-

150 2499 287 2588 pturam
313 2487 421 2582 redigi
446 2482 744 2568 transcribendas;
772 2487 989 2579 postmodum
1014 2510 1074 2582 per
1092 2494 1213 2562 aucto.

151 2605 265 2680 citatis
280 2610 417 2676 nostrae
431 2601 642 2698 praesidium
662 2601 870 2675 inordinato
885 2604 1061 2682 volumine
1080 2629 1139 2701 pro
1157 2603 1174 2675 l
1196 2645 1213 2664 -

152 2710 311 2797 turorum
329 2743 369 2794 ac
388 2720 625 2817 praesentium
642 2727 736 2794 certa
755 2702 921 2793 memoria
939 2728 974 2794 et
990 2722 1211 2796 solemnitate

110 2820 112 2824 ⁵
154 2847 318 2938 perpetuo
337 2838 498 2912 valitura.

200 2953 626 3048 ltaquidemquodomnes
639 2953 1076 3028 consuetudinesdivitatis
1086 2957 1209 3052 ipsius,

153 3095 241 3167 quae
267 3068 356 3142 infra
376 3069 564 3164 praefixum
589 3073 778 3142 terminum
804 3069 839 3140 in
858 3071 982 3164 potiori
1005 3080 1123 3144 nostra
1136 3075 1212 3169 jus-

153 3189 252 3262 sione
271 3185 424 3284 praelata
444 3210 504 3282 pcr
522 3189 662 3259 eosdem
682 3205 714 3283 p'.
736 3187 933 3258 Antistitern
953 3187 1103 3260 civitatis
1120 3191 1213 3285 ejus·

155 3307 233 3378 deni
260 3311 295 3376 et
319 3304 503 3377 duodecim
531 3304 567 3375 in
591 3305 798 3403 scripturam
819 3304 975 3377 redactae
995 3329 1062 3376 non
1082 3306 1209 3395 lorent,

153 3422 365 3494 haberentur
390 3443 520 3495 vacuae
546 3427 580 3492 et
602 3421 725 3494 inanes
745 3431 780 3492 et
801 3420 937 3504 nullae,
959 3445 998 3492 ac
1018 3423 1051 3492 in
1066 3422 1211 3517 judiciis

153 3550 190 3614 ct
204 3546 300 3612 extra
310 3539 442 3636 judicia
456 3539 589 3612 nullius
607 3539 740 3613 roboris
755 3540 944 3612 existerent
957 3540 1012 3611 vel
1029 3541 1207 3614 momenti.

202 3658 369 3730 Praelatis
391 3665 509 3730 autem
532 3657 845 3731 consuetudinibus
868 3658 904 3728 in
928 3658 1132 3754 scripturam
1155 3681 1211 3730 re·

154 3775 280 3860 doctis,
296 3774 488 3847 secundum
502 3774 682 3884 praemissi
702 3773 854 3846 mandati
873 3773 982 3845 nostri
1000 3782 1155 3847 tenorem
1175 3783 1210 3847 et

153 3896 300 3967 sormam
319 3914 380 3986 per
392 3892 481 3963 illud
498 3894 673 3980 traditam,
691 3895 763 3988 pari
781 3899 861 3966 voto
880 3898 915 3963 et
932 3892 1108 3964 communi
1126 3915 1210 3964 con·

154 4033 259 4084 sensu
278 4007 522 4081 Universitatis
539 4010 713 4106 ejusdem,
733 4015 973 4105 praesentatae
992 4015 1073 4080 sunt
1092 4019 1209 4080 nostro

156 4123 357 4224 conspectui
371 4145 433 4220 per
446 4131 604 4199 nostrum
618 4125 842 4222 corrigendae
859 4147 899 4196 ac
918 4123 1145 4198 declarandae
1154 4126 1210 4222 ju-

999 4262 1015 4316 2
