3098 5218
585 467 755 538 ...99.,
833 533 838 545 ἱ

132 607 276 700 perinde
292 627 332 678 ac
357 607 387 676 si
403 607 625 677 instrumente
647 615 755 676 essent
771 606 921 699 confecta
936 627 996 704 per
1005 605 1152 699 judimm
1170 617 1201 680 ec

136 725 307 794 notarium
324 743 400 794 cume
415 720 652 815 subscriptione
663 721 802 792 duorum
815 722 864 792 rel
880 724 983 794 trium
1004 723 1136 794 testium
1152 722 1203 795 rel

132 838 296 933 plurium,
310 861 377 912 non
394 837 542 910 obstante
556 839 640 932 quod
656 841 694 908 in
707 841 968 933 emancipatione
987 841 1202 934 manistratns

135 959 319 1028 auotoritas
337 977 405 1030 noa
421 958 634 1028 interveniat.

182 1071 409 1146 Consussuoo
435 1070 492 1142 lll.
513 1115 556 1128 --
574 1071 833 1145 lustramentum
856 1097 930 1146 nero
953 1077 1125 1148 divisionis
1142 1097 1201 1146 cu·

131 1190 323 1275 rieliscum,
339 1191 422 1284 quod
438 1187 580 1284 Necpoli
596 1192 720 1263 dicitnr
739 1192 870 1275 notitia,
884 1191 1103 1288 subscriptam
1118 1192 1201 1265 dno·

132 1307 193 1378 bus
209 1305 344 1380 testibus
361 1307 562 1390 curialibus,
582 1309 768 1379 etiamnum
789 1308 1000 1401 completam,
1020 1308 1120 1382 robur
1139 1309 1200 1382 ba·

132 1421 207 1494 beat
235 1423 323 1492 inter
351 1423 532 1494 dividentes
555 1445 731 1516 corumque
761 1423 917 1496 boercdes
935 1435 966 1497 et
982 1446 1195 1510 successores,

127 1537 269 1630 perinde
285 1559 325 1608 ac
341 1539 372 1608 si
388 1547 472 1610 esset
484 1560 546 1632 per
564 1541 699 1610 tertium
722 1538 883 1610 curialem
899 1543 1056 1633 scriptum
1070 1550 1101 1611 et
1112 1564 1199 1613 corn·

127 1654 264 1748 pletum.
397 1713 399 1718 .
643 1673 646 1678 ·

179 1769 405 1847 Consuusuoo
423 1771 479 1843 lv.
493 1818 536 1830 -·-
554 1771 615 1846 Ubi
631 1775 889 1846 instrumentum
905 1781 1126 1872 conscriptum
1134 1800 1196 1870 per

128 1887 273 1960 curiales
285 1886 523 1982 Neapolitanos
540 1892 707 1982 reperitur
716 1890 941 1985 subscriptum
959 1893 1195 1985 subscriptione

128 2009 268 2082 duorum
286 2011 430 2093 testium,
450 2008 577 2080 scilicet
591 2010 783 2094 curialium,
814 2021 846 2082 et
861 2013 1011 2095 curialis,
1031 2011 1196 2106 quidibet

128 2128 385 2198 instrumentum
413 2127 591 2218 complere,
617 2129 760 2200 moritur
786 2138 864 2200 onte
880 2130 1123 2223 completionem
1140 2131 1194 2200 in-

127 2246 302 2316 strumenti
318 2246 442 2337 ipsias,
460 2243 613 2336 partibus
630 2245 697 2314 sire
723 2245 995 2318 contrahentibus
1007 2245 1193 2338 petentibus

126 2359 376 2444 stromatibus,
403 2359 559 2440 curialis,
587 2364 645 2452 qni
666 2357 809 2454 Neapoli
837 2373 972 2434 nocatnr
989 2364 1188 2456 primarias,

125 2477 261 2573 complet
276 2480 399 2572 ipsum,
420 2487 452 2548 ct
468 2479 573 2570 qocoud
592 2479 627 2550 id
639 2501 818 2572 personam
840 2479 963 2551 obtinet
979 2480 1118 2551 curialis
1136 2481 1191 2553 de·

123 2595 233 2690 functi
244 2619 256 2664 :
268 2593 421 2687 portibus
439 2597 647 2686 antemipsis
672 2594 914 2692 differentibus,⁴
933 2598 1190 2670 instrumentum

124 2715 231 2808 ipsum
239 2735 302 2806 per
311 2715 515 2807 primarium
527 2715 683 2807 compleri
696 2737 764 2785 non
775 2723 882 2808 potest
895 2737 955 2786 nec
968 2715 1074 2800 debet,
1091 2718 1189 2788 immo

121 2851 181 2922 pro
198 2838 292 2922 rupto
311 2837 343 2899 et
359 2852 461 2902 nacae
478 2829 651 2901 babeatur.
703 2827 706 2836 ’
773 2891 774 2896 ,

171 2944 398 3016 Consueruso
423 2943 462 3013 V.
488 2985 536 2996 -
559 2943 783 3015 Instrumenta
805 2946 955 3038 consecto
977 2957 1009 3018 et
1029 2947 1187 3041 completa

119 3083 180 3156 per
197 3060 341 3134 curiales
353 3057 603 3155 Neapolitanos,
615 3059 671 3130 nbi
684 3060 870 3154 enemplari
884 3083 943 3132 sea
960 3063 1187 3136 antbenticari

118 3187 278 3272 petuntur
297 3199 359 3270 per
383 3177 532 3262 literam,
562 3199 646 3271 quac
662 3177 839 3266 conficitur
855 3199 916 3270 per
933 3177 1078 3248 curiales
1095 3177 1186 3252 Neo-

117 3297 282 3389 politonos
302 3306 437 3391 propter
461 3305 653 3368 uetustatem
678 3297 815 3366 obortae
837 3296 887 3366 uel
912 3294 1015 3366 oliam
1033 3318 1181 3380 eausam,

122 3414 353 3508 eaemplnntnr
368 3414 436 3485 sinc
449 3413 723 3486 antbenticontnr
736 3435 839 3482 monn
855 3398 995 3506 proprie
1009 3412 1180 3498 tabularii,

120 3540 151 3603 ct
167 3531 368 3624 complentur
375 3553 437 3624 per
454 3533 562 3623 ipsum
576 3529 780 3602 tabularium
793 3539 824 3600 ct
838 3529 1014 3614 curialem,
1023 3531 1080 3622 qni
1092 3527 1183 3602 Neo·

115 3646 184 3741 poli
200 3649 323 3720 dicitnr
336 3647 534 3742 primarius,
552 3647 720 3740 ipsamque
742 3647 998 3719 instrumentum
1010 3647 1057 3716 sic
1071 3666 1182 3716 eccem-

115 3763 243 3859 plntum
260 3765 327 3834 sice
343 3763 607 3834 antbcnticatnm
624 3761 724 3832 robur
742 3760 860 3831 babent
878 3759 1061 3854 tale,qualc
1074 3765 1181 3854 ipsum

119 3878 293 3975 aripiente,
314 3901 358 3950 en
374 3900 435 3973 qno
453 3879 560 3971 ipsum
577 3877 764 3970 coemptum
783 3886 832 3946 cst
848 3888 1022 3970 sumptum.
1044 3876 1110 3947 Sed
1126 3878 1179 3946 in·

118 4005 354 4078 strumentum,
383 3993 467 4089 qnod
491 3991 632 4088 Neapoli
655 3995 778 4066 dicitnr
801 3994 1045 4077 introductam,
1066 4015 1178 4064 ecem-

116 4115 206 4209 plnri
231 4135 297 4186 nou
319 4112 427 4197 debet,
455 4120 486 4184 ct
502 4111 725 4206 coemptarum
741 4111 838 4206 {idem
859 4133 925 4183 non
940 4103 1047 4206 ‘facim
1064 4133 1176 4183 oerum
