3116 5214
731 469 734 474 ’
800 503 848 520 -
866 464 914 538 34
930 503 978 520 -

360 605 487 688 latera,
510 575 608 699 juxta
634 621 722 695 quae
744 597 852 670 latera
875 598 998 672 estria
1017 595 1226 694 publicaret
1245 602 1335 670 terra
1355 598 1423 671 ali-

359 723 458 817 cujus
484 717 625 804 rustici,
652 716 724 789 sire
748 738 815 787 non
841 714 1046 786 habitatoris
1071 713 1161 786 intra
1181 716 1315 788 moenia
1334 707 1425 790 Sur-

358 836 447 909 renti
474 835 565 906 siout
583 830 815 904 communiter
832 828 892 900 alii
910 829 1002 904 cives
1020 827 1234 916 Surrentini,
1256 837 1340 903 tunc
1359 831 1424 902 lra-

358 953 479 1027 bentes
494 961 617 1034 terras,
635 946 760 1020 lundos
779 948 833 1019 rel
851 945 970 1017 domos
988 968 1005 1016 a
1023 945 1194 1040 capitibus
1212 945 1262 1016 rei
1284 954 1424 1043 emptae

356 1075 502 1167 possunt
524 1073 641 1164 petere
661 1088 734 1137 rem
754 1064 864 1161 ipsam
887 1072 1038 1160 emptam
1054 1065 1132 1162 jure
1150 1064 1245 1136 finali
1264 1071 1299 1138 et
1315 1065 1425 1162 patri·
1542 1073 1543 1098 i

358 1184 501 1258 moniali
519 1183 561 1256 ab
577 1190 742 1280 emptore,
759 1182 949 1277 eodemque
963 1199 1162 1277 possessore
1176 1183 1320 1279 ejusque
1341 1182 1424 1257 uni-

356 1303 484 1379 versali
511 1324 734 1388 successore,
762 1323 843 1373 cum
869 1299 990 1372 rustici
1010 1322 1072 1372 seu
1090 1299 1301 1374 habitatores
1323 1309 1423 1374 extra

362 1420 498 1492 moenia
522 1418 679 1491 Surrenti
703 1417 918 1513 praedictum
939 1417 996 1513 jus
1021 1439 1082 1513 pro
1101 1415 1362 1498 terris,.lundis
1384 1425 1424 1490 et

359 1535 518 1609 domibus
537 1534 661 1630 emptis
677 1533 886 1628 ubicumque
901 1533 936 1604 in
952 1534 1118 1606 Surrento
1137 1541 1173 1606 et
1189 1534 1225 1606 in
1243 1535 1422 1607 territorio

359 1657 434 1751 ejus
459 1653 536 1724 sitis
556 1657 676 1723 contra
702 1650 812 1724 civem
841 1657 876 1722 et
900 1649 1130 1723 habitatorem
1157 1649 1315 1725 Civitatis
1336 1651 1422 1726 Sur-

359 1769 449 1841 renti
470 1789 629 1839 exercere
657 1789 724 1837 non
752 1771 916 1859 possunt:
939 1765 1032 1837 circs
1051 1770 1168 1838 autem
1185 1775 1305 1840 contra
1325 1767 1421 1864 ipsos

359 1885 508 1956 rusticos
522 1884 579 1978 jus
596 1883 710 1978 ipsum
729 1888 874 1976 possunt
891 1879 999 1952 libere
1017 1903 1192 1954 exercere.-

407 2003 443 2077 Si
463 2003 618 2076 Ecclesia
645 2008 737 2074 emat
762 2003 923 2086 domum,
944 2002 1090 2076 landum
1107 2002 1162 2077 vel
1180 2009 1327 2091 terram,
1348 2027 1418 2078 non

358 2129 472 2218 potest
490 2121 617 2216 aliquis
631 2123 709 2216 J'ure
728 2119 823 2191 finali
843 2118 974 2213 aliquid
989 2119 1080 2216 juris
1098 2125 1214 2216 petere
1233 2120 1269 2192 in
1288 2144 1325 2193 re
1344 2122 1420 2218 ipsa

251 2301 252 2305 ,
358 2243 484 2333 empta;
509 2244 543 2309 et
560 2260 578 2308 e
598 2245 717 2309 contra
736 2235 891 2308 Ecclesia
911 2259 979 2307 non
998 2241 1112 2333 potest
1129 2243 1246 2332 petere
1261 2237 1332 2310 sire
1351 2238 1419 2326 imss-

356 2365 473 2452 petere
501 2356 652 2451 aliquem
673 2357 751 2452 jure
772 2353 867 2428 linali
894 2377 955 2450 pro
982 2356 1103 2441 domo,
1125 2355 1233 2428 fundo
1251 2356 1307 2429 vel
1326 2362 1417 2427 terra

357 2480 471 2568 empta
496 2471 537 2542 ab
559 2472 675 2567 aliquo
700 2471 848 2544 habente
867 2471 1031 2558 domum,
1052 2471 1199 2545 lundum
1216 2472 1270 2546 uel
1289 2479 1417 2544 terram

357 2587 596 2661 collateralem
617 2587 749 2674 domui,
770 2587 876 2659 londo
894 2589 949 2660 uel
968 2594 1081 2660 terrae
1099 2589 1290 2662 Ecclesiae.

407 2705 443 2780 Si
458 2729 498 2777 ex
513 2729 582 2777 uno
597 2704 705 2776 latere
720 2703 831 2790 lundi,
842 2709 955 2776 terrac
973 2705 1028 2778 vel
1048 2705 1171 2778 domus
1190 2713 1327 2803 emptae
1346 2710 1418 2783 sint

357 2823 596 2921 possessiones
615 2823 826 2895 diversarum
846 2843 1086 2916 personarum,
1106 2829 1141 2894 et
1159 2847 1200 2896 ex
1218 2824 1286 2896 alio
1307 2824 1415 2898 latere

357 2940 408 3012 rei
427 2946 561 3035 emptae
585 2937 631 3010 sit
651 2961 742 3010 unus
762 2944 914 3024 tantum,
936 2939 995 3033 qui
1013 2939 1173 3026 domum,
1194 2940 1341 3012 fundum
1360 2942 1414 3017 vel

357 3065 486 3130 terram
505 3055 743 3129 collateralem
762 3054 928 3151 possidet,
945 3056 1004 3126 ille
1024 3080 1128 3144 unua,
1145 3056 1203 3151 qui
1221 3059 1317 3130 solus
1335 3083 1415 3155 pos-

357 3175 506 3248 sidetes
526 3197 596 3248 uno
610 3174 732 3260 latere,
748 3173 918 3268 integram
939 3174 1158 3247 medietatem
1178 3178 1285 3248 totius
1303 3176 1414 3275 ipsius
1463 3225 1467 3238 ·

356 3300 470 3366 terrae
494 3301 629 3387 emptae
653 3298 767 3388 potest
783 3301 900 3386 petere
915 3293 993 3388 jure
1010 3296 1155 3387 congrui
1173 3296 1357 3392 praedicti,
1378 3305 1415 3370 et

356 3411 417 3482 alii
435 3431 653 3507 possessores
670 3407 811 3496 diversi,
828 3408 887 3504 qui
907 3417 988 3481 sunt
1006 3433 1047 3482 ex
1066 3410 1134 3482 alio
1153 3411 1273 3499 latere,
1295 3419 1413 3508 petere

354 3534 501 3624 possunt
514 3529 593 3624 juro
619 3525 794 3622 praedicto
820 3524 989 3620 reliquam
1018 3527 1237 3600 medietatem
1263 3531 1313 3601 rei
1339 3517 1412 3602 em-

348 3653 445 3744 ptae,
462 3643 610 3740 quilibet
622 3642 786 3716 videlicet
802 3665 862 3738 pro
881 3665 920 3714 ea
938 3649 1046 3740 parte,
1065 3669 1151 3741 quac
1170 3652 1223 3719 est
1236 3646 1333 3743 juxta
1350 3649 1410 3719 do·

355 3787 465 3850 mum,
481 3762 627 3836 lundum
642 3760 697 3832 vel
712 3767 839 3834 terram
854 3783 965 3833 suam.
981 3763 1107 3836 Verum
1122 3764 1151 3836 si
1167 3788 1258 3837 unus
1275 3773 1409 3839 tantum

354 3906 396 3956 ex
411 3880 670 3955 collateralibus
682 3903 742 3976 pro
757 3886 854 3976 parte
869 3903 932 3954 sua
946 3881 1096 3980 vetitius
1111 3881 1213 3954 finale
1231 3907 1408 3971 exercere,

355 3999 434 4072 aliis
456 3999 651 4096 conjunctis
674 4004 708 4068 et
730 3995 988 4069 collateralibus
1006 3998 1277 4084 subsistentibus
1295 4008 1331 4074 et
1348 4023 1409 4074 no·

354 4117 517 4202 lentibus,
530 4123 663 4214 emptor
675 4119 787 4210 potest
802 4110 914 4208 ipsura
929 4123 1146 4192 exercentem
1159 4119 1218 4214 jus
1231 4118 1333 4193 srnale
1349 4143 1409 4193 ex·
