3116 5214
608 441 781 515 -es-

161 591 260 651 mum
275 573 370 650 dioto
385 574 551 650 conllnali
569 575 612 649 de
630 583 722 651 terra
740 577 930 675 praedicta:
950 577 1017 654 hoo
1030 587 1148 660 tamen
1159 582 1222 656 ad·

160 693 248 781 dito,
258 691 349 790 qued
363 691 393 766 si
408 715 427 766 a
441 697 599 790 tempora
612 692 725 767 diotae
739 692 927 791 emptionis
944 701 980 769 et
993 696 1221 792 possessionis

161 809 273 883 laetae
302 830 364 906 per
386 807 518 882 dietum
543 815 735 906 emptorem
760 808 803 882 de
829 817 920 883 terra
945 812 1121 908 praedicta
1147 812 1222 910 ipse

158 933 294 1024 emptor
317 924 424 1000 luerit
440 925 568 1000 citatus
590 949 652 1023 per
667 927 801 1000 dictum
826 927 1035 1002 confinalem
1059 953 1121 1028 per
1145 931 1222 1006 dies
1340 916 1341 920 ¹

159 1042 360 1138 quindecim
378 1046 561 1138 postquam
578 1042 793 1137 pervenitad
811 1043 971 1118 notitiam
985 1045 1094 1142 ipsius
1112 1047 1223 1123 conli-

159 1158 270 1245 nalis,
292 1165 328 1231 et
350 1156 417 1231 hoc
442 1157 559 1231 locum
578 1156 682 1230 hahet
698 1155 787 1230 inira
805 1180 934 1231 annum
951 1182 1062 1235 unum
1082 1158 1221 1236 'tantum

159 1299 180 1348 a
206 1282 359 1372 tempere
377 1272 574 1369 praedictae
596 1273 785 1370 emptionis
807 1281 843 1352 et
859 1277 1088 1373 possessionis
1109 1277 1221 1354 laetae

159 1388 459 1488 perpraedictum
482 1395 675 1486 emptorem
699 1390 856 1464 deterre
882 1391 1071 1489 praedicta.
1096 1393 1223 1492 Elapso

160 1497 241 1582 uero
257 1505 437 1603 praedicto
455 1527 547 1580 anno
565 1527 654 1592 uno,
673 1504 703 1578 si
723 1505 783 1579 ille
801 1515 937 1604 emptor
954 1510 1069 1586 tenuit
1091 1516 1127 1585 et
1144 1534 1223 1608 pos-

158 1625 252 1700 sedit
263 1647 341 1699 eam
355 1646 416 1720 per
430 1622 648 1718 praedictum
661 1625 829 1721 temporis
842 1625 1008 1722 spatium,
1020 1649 1090 1701 nou
1102 1633 1223 1708 tenea·

158 1750 216 1816 tur
239 1741 306 1816 sibi
331 1741 375 1814 ad
392 1741 543 1839 aliquid:
564 1741 631 1818 troo
648 1749 766 1815 tamen
783 1742 922 1827 addito,
941 1743 1083 1840 quodsi
1106 1744 1222 1820 dictus

159 1866 294 1958 emptor
310 1883 371 1958 per
389 1868 526 1934 eertum
544 1867 682 1958 tempus
699 1861 804 1934 debet
821 1861 957 1934 solvere
974 1861 1159 1958 pecuniam
1179 1862 1222 1938 de
1308 1876 1314 1884 “

158 1980 252 2055 dieta
277 1986 370 2055 terra
393 1986 529 2078 empta,
548 2001 610 2077 per
632 1978 721 2052 illud
739 1985 878 2077 tempus
900 1979 1082 2054 confinalis
1099 1979 1223 2056 debeat

157 2099 227 2174 sibi
243 2097 379 2174 solvere
396 2099 546 2195 pretium
563 2097 818 2196 supradictum.

205 2211 303 2302 Quod
322 2214 353 2287 si
369 2213 448 2310 quis
464 2212 569 2286 horno
587 2212 736 2285 lorensis
754 2213 809 2285 vel
828 2213 999 2301 villanus,
1020 2215 1093 2289 sive
1113 2215 1223 2288 abita·

156 2341 213 2408 tor
229 2341 325 2406 extra
343 2353 462 2405 muros
477 2331 635 2406 Ciuitatis
650 2330 807 2404 Surrenti
824 2338 917 2405 emat
928 2331 1078 2428 aliquam
1094 2340 1222 2408 terram
1241 2341 1243 2349 '

157 2452 200 2526 ad
219 2451 323 2526 linem
342 2450 492 2546 alicuius
509 2449 596 2523 civis
613 2449 786 2536 Surrenti,
807 2448 898 2545 quod
917 2448 946 2522 si
965 2449 1026 2522 ille
1039 2449 1223 2526 conllnalis

157 2568 244 2642 civis
262 2567 421 2643 Surrenti
438 2566 525 2641 velit
541 2565 718 2642 vindicare
737 2587 815 2637 eam
829 2588 847 2637 a
863 2565 957 2639 dieto
972 2573 1141 2663 emptore,
1158 2566 1221 2640 ille

158 2691 292 2782 emptor
309 2688 469 2756 teneatur
486 2689 522 2756 et
538 2681 663 2756 debeat
679 2684 868 2755 restituere
887 2682 954 2780 ipsi
971 2682 1137 2755 confinali
1153 2691 1222 2756 ter·

156 2823 230 2874 ram
247 2801 459 2899 praedictam
477 2822 557 2872 eum
574 2797 686 2894 pretio
705 2797 1112 2894 appretiato‘secundum
1126 2799 1220 2895 quod

157 2917 347 3016 appretiata
365 2914 473 2989 fuerit
490 2913 583 2987 dicta
600 2920 692 2986 terra
708 2936 766 3009 per
776 2912 916 3010 jndices
930 2915 1068 3001 Curiae,
1086 2916 1146 3011 qui
1160 2938 1220 3014 pro

157 3042 312 3132 tempore
330 3039 435 3108 erunt
452 3033 488 3104 in
509 3040 599 3106 terra
616 3031 795 3118 Surrenti,
817 3040 852 3104 et
866 3031 939 3128 ipse
953 3040 1089 3128 emptor
1103 3039 1222 3128 tenea7

156 3159 216 3227 tur
231 3159 267 3226 et
283 3150 408 3224 debeat
424 3149 538 3222 faeere
558 3147 684 3222 exinde
702 3146 884 3244 publicum
899 3149 1170 3222 instrumentum
1185 3157 1222 3223 et

159 3269 298 3344 firmum
316 3269 382 3367 ipsi
400 3267 564 3342 confinali
584 3267 715 3364 petenti
735 3268 766 3340 ei
788 3274 917 3340 terram
934 3267 1164 3363 praedictam,
1184 3275 1220 3341 et
1247 3283 1250 3290 ’

157 3385 311 3482 recipere
329 3408 348 3457 a
367 3383 460 3457 dieto
478 3381 643 3456 confinali
658 3384 810 3480 pretinm
827 3383 1074 3480 appretiatum.

206 3501 320 3578 Simili
334 3500 436 3574 modo
450 3506 486 3573 et
499 3499 609 3572 forma
622 3499 652 3572 si
667 3498 794 3595 aliquis
811 3499 962 3573 villanus
978 3499 1035 3573 vel
1054 3495 1216 3585 lorensis,

157 3641 221 3694 eeu
239 3616 387 3691 abitatcr
403 3622 501 3690 extra
514 3635 633 3688 mures
646 3614 804 3690 Surrenti
821 3614 992 3711 reciperet
1004 3614 1147 3710 aliquod
1165 3613 1218 3687 in-

157 3741 391 3812 strumentum
409 3733 451 3808 ab
469 3731 586 3829 aliquo
604 3733 744 3806 homine
761 3733 971 3819 donationis,
993 3730 1219 3830 permutatio·

158 3855 212 3930 uis
224 3851 547 3950 valeniuscumque
560 3850 705 3925 alterius
717 3856 920 3925 contractus
933 3850 975 3923 da
988 3850 1104 3945 aliqua
1123 3854 1216 3923 tarra

156 3978 270 4047 stante
284 3969 326 4043 ad
341 3969 444 4042 linem
458 3975 570 4043 terrae
584 3989 646 4042 seu
659 3991 760 4042 casae
775 3967 927 4063 alicujus
940 3966 1029 4040 civis
1040 3965 1214 4054 Surrenti,

159 4091 248 4188 quod
265 4089 346 4174 talis
359 4095 559 4164 contractus
574 4111 643 4162 nou
658 4087 872 4187 praejudicet
886 4087 951 4184 ipsi
967 4085 1132 4162 confinali
1149 4085 1216 4160 civi
